1881 3306
355 211 442 242 102

147 335 224 409 48
274 337 338 392 Ρ.
372 333 694 410 sanguineus
723 328 919 397 rufus,
968 348 1144 408 supra
1187 326 1645 406 aureo-pilosus:
1691 349 1749 386 e—

314 414 491 495 lytris
537 413 704 492 apice
744 423 879 491 ante
922 410 1333 469 membranam
1371 409 1540 481 albis,
1672 430 1676 434 ’

282 554 505 628 Lygae'us
538 559 834 624 sanguineus
873 559 1027 610 Fm.
1067 560 1288 626 Rhyng..
1330 561 1442 613 238.
1482 575 1595 627 ¹79·
1620 557 1748 608 Eur.

146 635 278 699 Syst.
316 633 364 692 4.
406 630 516 695 ¹75·
559 631 666 691 ¹44·

285 754 398 802 Mis
435 747 494 799 &
525 753 654 800 Fam.
695 751 1045 812 Proecedente‚
1085 769 1201 802 cum
1231 769 1336 818 quo
1372 755 1423 802 in
1467 748 1747 813 fruticibus

147 823 430 881 cohabitat,
469 819 649 886 paullo
688 822 945 868 minor'et
983 820 1283 869 distinctus:
1322 821 1494 870 colore
1533 814 1769 880 sangui?

143 909 240 941 neo
290 889 649 953 imprimisque
700 889 994 953 elytrorum
1038 889 1181 953 apice
1220 896 1339 937 ante
1388 885 1750 937 membranam

141 960 277 1006 albo.
323 958 438 1022 Ipsa
479 958 780 1006 membrana
813 964 863 1003 et
889 956 981 1004 alae
1009 956 1168 1017 magis
1207 974 1418 1022 quoque
1458 953 1748 1003 albescunt.

143 1023 288 1095 Color
323 1025 554 1090 corporis
591 1026 746 1072 etiam
782 1026 839 1072 in
875 1024 1138 1074 exsiccatis
1181 1023 1405 1091 pulchre
1444 1022 1611 1071 ruffuS.

139 1235 218 1313 49
257 1236 324 1292 Ρ.
366 1233 609 1306 Querceti
654 1230 1166 1300 flavo-virescens,
1210 1252 1386 1312 supra
1447 1227 1745 1306 aureoapi-

308 1316 496 1373 losus,
541 1316 1055 1383 roseo-irroratum
1087 1314 1382 1373 femorum
1424 1316 1588 1394 apice
1647 1311 1739 1368 ni-

302 1409 734 1479 gro-punctam.

273 1537 411 1586 Mon.
454 1538 580 1585 Cim.
619 1536 801 1603 Suppl.
850 1536 924 1585 15.

275 1633 388 1682 MAs
425 1627 483 1679 &
517 1634 645 1701 ΕΕΜ.
687 1631 902 1681 Habitat
940 1647 1041 1682 una
1077 1646 1193 1679 cum
1234 1627 1495 1688 affinibus,
1533 1644 1747 1695 praeser-

139 1706 233 1756 tim
287 1704 338 1749 in
387 1702 659 1762 Quercetis
715 1697 952 1765 Espero'd
1000 1714 1172 1746 mense
1223 1695 1382 1745 Julio.
1437 1697 1746 1759 Magnitudo

137 1774 192 1826 P.
231 1767 362 1820 rosei
400 1767 431 1815 l.
472 1768 754 1832 sanguinei3
790 1771 861 1814 eis
901 1782 1111 1831 quoque
1150 1763 1291 1813 haud
1316 1764 1593 1812 dissimilis.
1621 1760 1746 1813 Cor-

134 1857 231 1910 pus
264 1835 643 1892 mollissimum,
689 1837 907 1883 viventis
942 1834 1137 1881 viride:
1173 1850 1271 1881 ano
1312 1830 1528 1896 pallido,
1568 1832 1618 1877 in
1659 1848 1745 1879 ex-

138 1908 340 1958 siccatis
382 1921 512 1969 saepe
553 1904 805 1952 coccineo.
849 1901 1095 1952 Antennae
1130 1909 1180 1948 et
1217 1901 1367 1965 pedes
1405 1898 1630 1963 pallida:
1665 1898 1745 1946 fe-

136 1973 371 2024 moribus
410 1978 529 2017 ante
567 1972 767 2037 apicem
800 1970 1244 2035 nigro-punctatis
1282 1976 1331 2014 et
1367 1967 1630 2013 interdum
1650 1983 1746 2013 ru-

136 2040 411 2093 fo-tinctis.
470 2035 659 2103 Corpus
701 2056 858 2105 supra
901 2035 1190 2102 pallidum,
1238 2033 1656 2097 aureo-pilosum
1693 2043 1745 2081 et

136 2107 622 2160 roseo—irroratum.
675 2108 929 2155 Tinctura
964 2112 1136 2151 autem
1178 2120 1323 2149 rosea
1368 2103 1417 2147 in
1465 2109 1612 2164 parte
1648 2097 1759 2148 an··'

133 2175 319 2226 teriori
356 2175 539 2240 saepius
571 2177 845 2235 evanescit,
885 2174 1024 2219 unde
1060 2169 1249 2225 thorax
1288 2178 1338 2215 et
1371 2169 1627 2218 scutellum
1650 2167 1746 2219 fla-

136 2263 202 2293 va
235 2241 567 2290 immaculata
603 2244 845 2291 evadunt.
886 2239 1076 2304 Elytra
1111 2236 1327 2284 maculis
1370 2233 1613 2300 pluribus
1654 2255 1744 2286 ro-

137 2313 231 2361 seis
259 2311 550 2373 tinguntur.
591 2312 792 2359 Accidit
836 2303 1023 2367 tamen,
1058 2314 1116 2352 ut
1151 2322 1249 2351 non
1278 2305 1369 2351 nisi
1411 2319 1511 2350 una
1550 2303 1759 2352 altera-'

135 2396 198 2426 ve
233 2375 435 2423 macula
485 2394 619 2442 pone
656 2379 883 2425 medium
935 2378 1000 2422 sit
1041 2381 1296 2437 superstes
1335 2380 1386 2417 et
1419 2371 1743 2419 obsoletissi-
1806 2420 1809 2421 ⁷
1865 2389 1870 2392 ·

133 2463 233 2495 ma.
280 2441 577 2494 Membrana
612 2446 885 2493 infuscata.
931 2439 1080 2492 Tibiae
1106 2438 1396 2505 spinulosae,
1438 2440 1747 2502 nigro-sub-

132 2519 412 2581 punctatae.

278 2598 418 2652 Not.
475 2601 746 2651 Juniorem
796 2601 949 2650 modo
984 2607 1036 2648 et
1071 2613 1239 2663 nuper
1267 2595 1528 2644 exclusam
1570 2595 1749 2652 varief

132 2678 292 2720 tatem
354 2669 409 2720 P.
448 2669 712 2735 sanguinei
749 2670 1092 2717 credidimus:
1127 2672 1180 2712 at
1220 2664 1454 2713 abdomen
1496 2664 1544 2711 in
1567 2663 1741 2728 pluri-
1802 2702 1810 2709 .

139 2740 237 2787 bus
259 2738 546 2800 exsiccatiS,
577 2751 669 2785 cmo
703 2736 870 2783 solum
907 2735 1161 2794 coccineo,
1197 2742 1362 2780 totum
1399 2740 1741 2794 nunqnam&

137 2805 282 2853 vadit
317 2805 509 2852 rufum.
557 2805 812 2853 Praeterea
858 2802 1028 2868 elytra
1071 2799 1288 2848 maculis
1326 2799 1482 2845 roseis
1523 2800 1741 2862 sparsis,

135 2890 237 2920 non
281 2871 453 2919 colore
492 2888 636 2919 roseo
658 2874 901 2935 contiguo
938 2870 1229 2933 tinguntur.
1251 2865 1416 2914 Valde
1456 2874 1626 2914 tamen
1645 2864 1738 2925 *af-

132 2941 255 2987 fines
293 2948 414 2987 sunt
456 2939 511 2988 P.
547 2953 735 3000 roseam,
769 2937 1076 3002 sanguineus
1112 2944 1162 2982 et
1200 2933 1442 3000 Querceti.

263 3047 318 3097 P.
357 3063 531 3098 roseus
569 3047 739 3098 colore
773 3046 909 3095 ssavo
951 3047 1005 3094 in
1025 3060 1230 3095 roseum
1265 3051 1509 3108 vergente
1545 3043 1745 3091 tinctus-
