1881 3306
338 145 367 178 2

131 267 228 316 nisi
268 265 375 314 duo
416 264 770 313 observantur
809 269 953 315 nervi
1000 267 1434 333 'longitudinnles‚
1489 267 1765 333 simplices,

129 336 263 384 alter
301 338 351 383 in
393 334 578 393 medio,
624 332 759 381 alter
796 335 860 382 ad
902 339 1187 399 marginem
1230 337 1552 384 interiorem.
1611 335 1768 386 Pedes

129 421 231 462 sex,
268 401 359 516 vel¹
391 400 667 466 simplices,
708 404 836 451 nudi
871 422 905 452 s.
955 403 1229 471 spinulosi,
1283 402 1366 452 vel
1403 405 1674 453 incrassati
1705 401 1766 453 &

129 472 340 521 denticu
367 470 453 516 ati.

260 567 449 615 Differt
506 564 711 617 Sexus:
775 567 998 629 genitale
1061 568 1238 619 Maris
1278 586 1484 629 corneo,
1544 570 1765 634 integro,

125 638 308 685 hamos
357 635 488 681 duos
559 633 871 682 includente.
952 639 1010 683 In
1051 635 1253 685 Femina
1294 635 1458 684 adest
1493 640 1643 698 rima,
1679 639 1764 684 cui

127 707 294 768 stylus
354 700 667 770 ensiformis,
718 704 1009 767 vaginatus,
1073 703 1220 754 haud
1259 703 1557 764 retractilis,
1596 707 1765 758 inter-

127 775 253 822 dum
293 771 648 832 absconditus,
687 771 891 819 insidet.

298 1019 473 1065 Genus
509 1017 936 1081 Hemipterorum
979 1013 1151 1067 Cimex
1200 1020 1345 1080 Luni.
1388 1014 1447 1069 ὅτ
1486 1020 1562 1067 ΒΕ
1604 1022 1760 1081 Gemi.

125 1105 285 1156 opera
327 1082 382 1132 &
421 1088 595 1133 studio
629 1084 733 1132 Cel.
775 1085 1005 1132 FABR'mu
1067 1087 1118 1130 in
1181 1089 1476 1154 Systemate
1509 1087 1760 1154 Rhyngo-

122 1166 305 1217 torum,
343 1173 383 1201 a.
434 1153 566 1202 ‘1803
608 1154 765 1209 edito,
815 1166 908 1216 pel*
951 1156 1012 1201 23
1052 1153 1255 1203 Genera
1295 1155 1396 1203 fuit
1434 1156 1762 1222 dispositum.

123 1226 330 1291 Species
370 1223 613 1271 omnibus
652 1222 730 1269 his
769 1221 1064 1269 Generibus
1103 1223 1306 1272 insertae
1345 1226 1397 1270 in
1441 1226 1582 1272 dicto
1625 1225 1764 1286 libro

122 1309 403 1342 numerum
449 1292 545 1354 780
587 1295 854 1356 superant,
893 1289 1168 1339 Familiam
1220 1312 1254 1340 s.
1302 1292 1551 1340 Ordinem
1590 1295 1763 1341 Natu-

122 1362 284 1410 ralem
323 1363 438 1422 jure
475 1361 863 1406 constituentes·
909 1356 1074 1406 'Varia
1115 1379 1329 1426 quoque
1367 1361 1434 1408 ab
1470 1359 1586 1409 aliis
1625 1362 1764 1411 facta

120 1437 243 1478 sunt
274 1429 628 1476 additamenta
665 1428 842 1488 figuris
879 1430 1027 1475 aeneis
1063 1424 1606 1477 &observationibus
1642 1432 1762 1478 illu-

119 1506 302 1546 strata.
386 1499 444 1544 In
496 1495 575 1543 his
629 1495 868 1562 inprimis
909 1498 1212 1545 nominandi
1269 1505 1392 1545 sunt
1444 1497 1550 1548 Cel.
1597 1499 1761 1549 Srom.

119 1559 177 1614 δε
214 1567 425 1615 VVom-r.

288 1660 612 1718 Felicissimo
648 1677 858 1728 quoque
900 1661 1107 1726 ingenio
1143 1655 1201 1708 δε
1245 1678 1433 1724 magna
1499 1662 1760 1727 industria

118 1730 513 1797 dispositionem
576 1732 841 1779 Generum
883 1731 1205 1778 Insectorum
1269 1730 1606 1795 plurifariam
1647 1732 1762 1779 ela-

118 1800 329 1856 boravit
391 1797 497 1845 Cel.
560 1800 863 1859 anzmmz,
943 1798 1326 1863 Entomologus
1368 1797 1566 1853 *Galliae
1606 1799 1760 1848 facile

118 1867 419 1937 primarius,
493 1869 577 1917 Sic
614 1869 664 1914 in
707 1865 880 1930 Opere
938 1884 1107 1931 nuper
1145 1869 1317 1916 edito:
1385 1866 1623 1916 Familles
1660 1884 1762 1917 na-

116 1936 322 1989 turelles
380 1935 446 1985 du
493 1936 671 2002 Regne
706 1934 920 1985 Animal
986 1937 1130 1983 Paris
1179 1935 1324 1994 1825,
1385 1935 1482 1992 8:0‚
1554 1937 1760 2001 Species

121 2004 409 2058 Cimicidum
448 2007 512 2054 ad
555 2006 907 2067 Heteroptera,
942 2022 1055 2070 quae
1095 2004 1384 2052 Sectionem
1418 2003 1758 2069 Hemiptero-

117 2091 232 2125 rum
261 2074 482 2138 primam
530 2074 877 2135 constituunt,
917 2089 1209 2137 eorumque
1237 2072 1613 2126 adFamiliam
1645 2075 1753 2137 pri-

115 2159 270 2201 mam,
341 2142 726 2205 (Geocorisa87)
784 2141 1007 2199 retulit3
1078 2158 1238 2189 novas
1313 2148 1564 2207 praeterea
1617 2141 1758 2188 divi-

116 2216 283 2271 siones
320 2212 631 2269 introduxit,
685 2210 741 2257 ὄζ
782 2211 990 2258 nomina
1054 2212 1117 2271 45
1169 2210 1434 2257 Generum
1471 2210 1755 2256 enumera-

115 2284 205 2328 vit.
282 2276 429 2328 Hanc
488 2286 664 2335 autem
726 2278 1005 2328 Familiam
1073 2283 1125 2327 in
1178 2278 1413 2342 quinque
1479 2276 1757 2326 distribuit

119 2348 317 2402 Tribus,
383 2364 609 2413 quarum
662 2348 845 2414 prima,
889 2351 1178 2412 specierum
1219 2346 1493 2404 ditissima,
1536 2345 1757 2394 divisio-

118 2417 275 2468 nibus
325 2418 518 2464 iterum
595 2417 897 2481 iterumque
958 2417 1194 2484 repetitis
1259 2413 1477 2461 nimium
1537 2412 1757 2462 forsitan

120 2484 342 2533 laborat.
1599 2494 1603 2498 '

259 2579 519 2631 Cimicides
556 2582 788 2630 Sveciam
827 2581 1066 2646 inprimis
1118 2579 1402 2628 incolentes
1460 2578 1755 2626 describere

120 2653 170 2699 i·n
210 2651 442 2698 animum
483 2653 584 2715 jam
626 2650 940 2698 induximus.
1017 2648 1184 2709 Huius
1252 2659 1426 2695 autem
1468 2649 1541 2694 rei
1579 2664 1755 2694 exem-

118 2720 263 2785 plum
302 2722 352 2766 in
390 2717 768 2785 Mouzograpbzia
796 2716 1033 2766 Cimz'cztm
1073 2717 1275 2769 Svecioe.
1311 2717 1511 2763 Hafniae
1548 2733 1591 2762 a.
1630 2715 1756 2778 1807

120 2797 269 2834 antea
307 2787 561 2845 dedimus,
607 2785 855 2834 methodo
893 2782 1216 2834 Fabricianae
1254 2784 1352 2832 hoc
1390 2794 1626 2849 tempore
1669 2784 1764 2829 ni-2

116 2859 211 2903 mis
253 2856 465 2903 addicti.
520 2857 719 2923 Deinde
758 2856 1030 2920 Specimen
1073 2872 1260 2901 novam
1298 2854 1601 2918 Hemiptera
1639 2853 1752 2899 dis-

117 2926 351 2990 ponen‘di'
388 2923 978 2972 methodum-exhibens
1016 2923 1229 2982 aa²1814
1265 2922 1538 2979 edidimus,
1581 2929 1753 2967 notas·

118 3010 218 3057 que
256 2995 518 3056 genericas
576 3011 605 3041 a
667 2994 826 3042 variis
894 2993 1130 3057 corporis
1181 2990 1422 3058 partibus
1487 2990 1753 3038 desumtas
