1881 3306
332 145 365 205 4

265 279 478 329 Omnes
522 271 578 324 δε
619 275 845 341 singulas
883 275 1193 326 Cimicidum
1255 278 1447 343 species
1509 285 1758 328 contactu

115 352 342 406 iodorem
377 348 597 412 prodere
632 345 948 410 specificam,
1021 349 1181 410 magis
1223 348 1458 396 minusve
1498 347 1757 408 foetidum,

131 418 418 481 (interdum
460 415 565 462 sere
602 419 830 478 gratum)
893 415 1084 460 mirum
1122 432 1244 463 sane
1281 416 1567 463 videbitur.
1610 415 1758 462 Adfi-

133 492 366 546 nitatem,
437 501 549 548 quae
607 488 741 529 inter
810 480 924 528 illas
976 484 1266 542 intercedit,
1323 486 1599 530 maximam
1652 481 1760 528 hoec

134 555 379 622 qualitas,
425 553 490 599 ab
531 553 851 612 homogeneo
909 552 1133 614 quodam
1164 552 1394 599 alimenti
1438 567 1622 615 genere
1658 551 1760 596 mi-

133 642 232 672 nus
268 630 405 687 apte,
459 638 615 680 quam
653 635 680 664 a
718 627 982 666 structura
1032 622 1265 684 corporis
1305 622 1508 667 interna
1555 618 1761 667 confor-

133 693 205 741 mi
240 688 561 757 explicanda,
601 686 753 734 facile
804 687 1129 753 comprobat.

271 939 456 1006 Imago
510 937 840 986 characteres
904 936 1258 1001 systematicos
1315 935 1480 983 solum
1545 934 1759 1001 praebet.

136 1014 222 1063 Sic
256 1028 284 1057 a
323 1011 524 1057 diversa
577 1005 733 1053 rostri
796 1013 1252 1067 antennarumque
1303 1013 1587 1064 structura,
1629 1003 1762 1049 arti-

138 1080 417 1142 culatione⁷
473 1073 756 1123 insertione
796 1067 848 1118 ἅ
893 1073 1249 1136 proportione,
1290 1072 1617 1120 characteres
1656 1072 1763 1116 Ge-

135 1163 321 1199 nerum
383 1142 634 1192 desumsit
683 1140 790 1188 Cel.
825 1141 1115 1199 FABmcms,
1160 1141 1482 1206 eandemque
1537 1141 1670 1186 viam
1708 1140 1761 1185 in

138 1213 439 1265 definiendis
473 1209 815 1259 divisionibus
848 1216 1054 1256 secutus
1091 1216 1166 1254 est
1197 1208 1299 1255 Cel.
1334 1210 1637 1267 Lunnrnne,
1665 1207 1762 1254 ad-

138 1287 283 1353 jectis
314 1290 482 1328 tamen
525 1280 660 1326 notis
701 1277 767 1324 ab
809 1276 923 1324 aliis
969 1276 1210 1340 partibus
1238 1278 1503 1325 desumtis.
1559 1275 1759 1323 Harum

143 1362 315 1401 autem
343 1348 704 1400 constantiam,
729 1347 760 1391 i.
779 1366 819 1394 e.
839 1353 1115 1410 ,quatenus
1147 1346 1390 1393 omnihus
1412 1346 1639 1409 ejusdem
1669 1348 1764 1392 Ge-

137 1422 276 1472 neris
302 1415 570 1484 speciebus
599 1425 720 1462 sunt
756 1429 1072 1471 communes,
1098 1412 1410 1477 investigare
1446 1422 1605 1478 atque
1635 1429 1762 1459 exa-

138 1491 357 1547 minare,
393 1482 620 1533 difficilis
661 1485 843 1549 saepius
879 1483 979 1528 erit
1020 1480 1181 1528 labor.
1225 1481 1401 1530 Nihilo
1438 1490 1610 1528 tamen
1663 1483 1762 1528 mi-

141 1574 256 1617 nus,
296 1556 336 1602 si
372 1554 473 1600 alia
509 1553 738 1616 quadam
781 1553 866 1599 via
904 1549 1184 1614 procedere
1229 1552 1301 1598 fas
1342 1560 1435 1610 est,
1474 1567 1572 1597 non
1611 1566 1760 1614 pror-

142 1643 228 1675 sus
265 1620 601 1689 impossibile,
633 1639 725 1668 nee
765 1620 898 1668 sorte
928 1634 1380 1682 supervacaneum
1419 1617 1759 1684 judicabitur,

142 1697 346 1742 Genera
397 1690 706 1738 Cimieidum
751 1689 1100 1735 determinare.
1156 1688 1403 1735 methodo
1446 1688 1762 1738 convenien-

140 1762 283 1821 tiori,
347 1776 460 1826 quae
513 1759 744 1821 quidem,
802 1775 830 1805 a
870 1771 1186 1820 quocunque
1242 1756 1603 1822 Systematieo,
1645 1758 1765 1803 usui

144 1828 451 1897 Systematis
490 1823 547 1875 &
597 1828 685 1874 fini
723 1825 1043 1880 consulente,
1090 1835 1165 1873 est
1210 1823 1569 1889 exspectanda.
1644 1823 1762 1871 Sive

143 1901 278 1947 enim
317 1903 638 1946 structuram
677 1897 757 1944 vel
796 1895 957 1942 totius
983 1896 1216 1955 corporis
1251 1894 1331 1939 vel
1363 1894 1473 1957 ejus
1511 1893 1761 1955 partium,

144 1969 249 2017 sive
274 1967 454 2031 *ipsum
497 1965 702 2011 vivendi
742 1963 951 2011 modum
1006 1964 1349 2028 conspexeris,
1388 1960 1579 2026 speeies
1619 1958 1765 2008 haud

143 2052 336 2103 paucas
376 2032 574 2082 videbis
614 2033 751 2080 inter
780 2048 829 2080 se
868 2030 1075 2090 similes,
1118 2049 1223 2094 quo
1264 2038 1502 2095 respectu
1539 2027 1636 2074 sub
1675 2047 1766 2075 eo-

143 2106 258 2152 dem
293 2104 494 2150 Genere
546 2099 771 2148 militare
827 2098 1032 2146 dehent.
1111 2100 1444 2161 Quamquam
1489 2097 1623 2143 enim
1669 2116 1767 2145 no-

145 2181 240 2232 tas,
289 2173 366 2218 uti
408 2172 485 2218 sas
525 2169 640 2226 fuit,
711 2188 738 2217 a
781 2176 1046 2217 structura
1101 2167 1334 2232 corporis
1396 2166 1611 2229 ejusque
1644 2184 1770 2231 par-

144 2242 276 2288 tium
314 2236 641 2287 solummodo
679 2237 1042 2295 desumsimus,¹
1106 2234 1549 2299 metamorphosin
1592 2242 1766 2280 tamen

145 2304 201 2355 ἃ
243 2310 440 2356 victum
500 2310 551 2355 in
589 2308 699 2372 ipsa
744 2308 858 2354 viva
897 2311 1086 2351 natura
1125 2302 1306 2351 sedulo
1344 2303 1770 2362 observavimus3

144 2378 281 2425 unde
321 2379 544 2433 Genera,
590 2376 770 2441 prouti
811 2390 840 2418 a
880 2372 1028 2419 nobis
1068 2387 1451 2438 proponunxur,
1497 2376 1609 2434 jure
1660 2388 1769 2417 me-

146 2447 354 2509 ritoque
397 2444 655 2494 naturalia
694 2442 910 2491 salutari
952 2443 1148 2504 possint
1207 2439 1308 2486 Nec
1341 2447 1416 2485 est
1455 2439 1767 2501 negandum,

149 2515 274 2578 quin
306 2522 447 2572 'notae
486 2530 514 2558 a
552 2512 837 2560 directione
876 2525 1158 2556 nervorum
1203 2510 1253 2554 in
1314 2509 1423 2573 ipsa
1481 2507 1772 2556 membrana

147 2580 536 2646 hemelytrorum
577 2579 805 2632 facilem,
843 2581 1001 2627 immo
1031 2576 1352 2633 facillimam,
1391 2575 1452 2621 ad
1493 2575 1772 2622 divisiones

149 2645 207 2697 &
246 2650 311 2697 ad
345 2651 548 2696 Genera
586 2641 929 2712 dignoscenda
969 2647 1104 2692 viam
1147 2644 1388 2691 indicent.
1447 2643 1604 2689 Nobis
1645 2660 1750 2706 quo

149 2735 250 2784 que
287 2719 504 2780 contigit
554 2733 655 2764 non
715 2714 882 2761 solum
947 2720 1200 2778 tempore,
1243 2731 1346 2777 qno
1408 2711 1535 2758 vixit
1574 2711 1774 2761 Hafniae

149 2789 201 2837 b.
240 2803 303 2833 m.
359 2787 399 2832 N
460 2785 620 2832 's‘o'xo
668 2785 830 2842 Imm),
894 2799 1135 2846 magnam
1200 2782 1487 2846 specierum
1541 2781 1772 2829 exotica-

149 2873 264 2903 rum
305 2857 504 2920 copiam
543 2849 901 2915 contemplari,
952 2867 1132 2896 verum
1190 2850 1347 2895 etiarn
1404 2864 1634 2895 accessus
1675 2867 1774 2896 no-

147 2925 224 2972 bis
260 2925 430 2987 patuit
470 2922 531 2968 ad
579 2920 747 2968 Nobil.
814 2935 841 2963 a
880 2916 1086 2981 Vigiliis
1143 2915 1451 2964 Praefectum
1501 2910 1557 2962 &
1603 2915 1775 2981 Equi-

147 3001 248 3039 tem
290 2992 476 3039 Leoni.
520 2990 840 3048 GrLLEquL,
897 2988 997 3048 cui,
1042 2991 1187 3033 tanta
1229 2994 1427 3050 quanta
1493 2983 1771 3043 debentur,
