1881 3306
347 185 415 252 74

135 338 260 375 raca
295 323 593 374 clavicornis
632 321 776 368 Latr.
807 312 866 364 &
907 319 1127 367 Germar
1158 317 1294 385 Mag.
1321 320 1365 369 3.
1412 316 1509 366 205
1547 318 1780 384 ejusdem

135 397 272 449 torte
321 393 521 457 generis
558 384 617 437 &
656 387 909 456 specieiP)

273 543 396 595 Mas
449 540 509 594 ὅ(
542 543 675 595 Fem.
735 542 790 591 in
842 537 1055 606 Myrica
1086 541 1207 606 gale
1253 548 1531 607 pratorum
1571 540 1775 592 humid.

135 616 201 665 ad
239 613 453 680 tSJjb‘torp
491 613 732 675 Vestrog.
773 618 853 659 sat
882 609 1171 690 srequgnss
1205 611 1285 658 -Β,
1335 603 1783 660 (ὶγιιΕΝιῑΑι.ἶ”Ἐ

132 697 349 735 nervosa
388 685 594 739 minor,
656 676 1018 745 magnitudine
1089 676 1254 745 (Jassi
1292 677 1591 748 fruticare,
1648 682 1788 726 inter

134 762 396 802 nostrates
445 751 605 817 hujus
665 748 868 812 generis
926 747 1164 795 maxima.
1239 748 1414 812 Caput
1463 749 1792 812 inwutroque

138 838 266 871 sexu
297 818 587 886 pallidum:
652 818 825 866 fronte
864 815 1056 864 earinis
1096 817 1267 866 tribus
1304 815 1555 864 brevibus
1592 818 1792 864 instru-

132 899 233 938 cta.
306 890 558 937 Antennae
610 887 677 936 ad
720 884 894 932 {atera
951 892 1199 947 extensae,
1260 886 1432 950 capite
1487 883 1789 950 longiores:

135 950 363 1006 articulo
396 958 569 1024 primo
595 952 872 1018 ,elongatQ
942 969 1268 1018 compresso,
1311 954 1421 1000 lato
1457 956 1793 1018 marginat03

135 1026 366 1077 secundo
401 1022 693 1091 cylindrico
730 1021 842 1082 (vix
886 1022 1097 1084 conico)
1137 1025 1288 1089 apice
1337 1023 1575 1084 setigero.
1650 1021 1790 1068 Tho-

137 1094 233 1147 rax
270 1093 662 1144 scutelliformis
718 1086 778 1140 &
840 1088 1035 1138 limbus
1072 1091 1282 1139 collaris
1328 1087 1529 1158 pallidi.
1604 1089 1789 1139 Abdo-

139 1182 259 1214 men
296 1163 454 1211 maris
489 1166 783 1229 nigricans,
838 1157 1042 1208 feminae
1090 1160 1392 1226 pallescens.
1467 1157 1631 1208 Pedes
1669 1157 1793 1224 pal-

137 1235 262 1284 lidi:
341 1230 630 1282 femoribus
677 1231 918 1294 utrisque
974 1244 1123 1278 sexus
1170 1226 1628 1292 longitudinaliter
1676 1225 1792 1275 sul-

135 1303 281 1353 catis.
322 1326 385 1336 ·-
455 1300 579 1352 Mas
614 1299 818 1359 alatus,
856 1294 1041 1365 elytris
1076 1297 1376 1363 completis,
1424 1294 1584 1343 albis:
1629 1296 1792 1357 striga

134 1371 356 1422 dilatata
391 1368 574 1432 fusca,
629 1385 745 1434 quae
788 1368 840 1413 in
899 1365 1071 1414 medio
1122 1367 1251 1415 disci
1299 1364 1510 1413 fasciam
1563 1364 1785 1423 format,

136 1437 195 1490 ὅτ
233 1458 263 1487 a
304 1440 537 1501 margine
570 1436 819 1486 exteriori
876 1436 930 1483 in
967 1439 1258 1500 marginem
1313 1434 1619 1482 interiorem
1658 1449 1790 1482 cur-

136 1510 301 1557 vatim
361 1506 628 1555 descendit
681 1505 992 1570 apicemque
1042 1505 1217 1568 cingit.
1293 1502 1468 1564 Striga
1538 1511 1795 1568 praeterea

137 1576 440 1640 angustior,
476 1584 596 1622 ante
633 1574 866 1637 apicem,
911 1572 1050 1618 alam
1084 1573 1292 1620 transit.
1343 1595 1414 1608 --
1483 1567 1616 1620 Fem.
1648 1577 1796 1636 apte·

134 1663 228 1694 ra:
289 1659 510 1708 corpore
571 1650 686 1690 toto
726 1633 786 1686 &
830 1638 1015 1704 elytris
1063 1638 1348 1688 abreviatis
1408 1635 1556 1686 haud
1603 1640 1788 1704 pictis,

133 1712 365 1781 pallidis.
444 1710 729 1757 Structura
780 1715 956 1754 tamen
992 1717 1379 1769 antennarum,
1457 1708 1644 1772 capitis
1703 1721 1794 1773 pe-

136 1783 371 1846 dumque
411 1793 532 1826 cum
567 1773 802 1826 masculo
844 1775 1059 1824 omnino
1090 1775 1354 1827 convenit.

275 1934 399 1987 Not.
467 1933 582 1981 Non
631 1931 731 1979 nisi
793 1928 1045 1995 pauciora
1116 1926 1466 1978 lustravimus
1520 1928 1797 1979 individua

139 2006 413 2059 exsiccata.
484 2028 556 2043 —-
630 1999 903 2049 Picturam
977 1996 1276 2064 elytrorum
1336 1998 1622 2046 variationi
1685 2014 1796 2047 esse

141 2077 437 2143 subjectam
461 2112 475 2137 ‚
514 2069 666 2118 facile
690 2068 988 2133 conjicitur.
1029 2067 1115 2115 Sic
1152 2067 1204 2113 in
1242 2066 1593 2132 descriptione
1629 2067 1793 2114 FABR.

137 2148 174 2197 l.
213 2164 253 2194 c.
291 2143 387 2193 alae
421 2140 637 2209 hyalinae
669 2137 843 2188 nervis
869 2136 1132 2201 pum-tatis
1170 2135 1439 2203 strigaque
1474 2134 1671 2201 postica
1705 2135 1795 2182 fu·-

138 2233 226 2266 sca
262 2218 535 2261 notantur.
616 2208 894 2257 Feminam
944 2206 1263 2271 descriptam
1293 2203 1449 2254 'haud
1489 2208 1589 2254 rite
1624 2201 1800 2270 expli·-

139 2291 318 2334 catam
352 2281 566 2330 credere
618 2276 696 2326 fas
736 2283 827 2324 est.
906 2276 1181 2325 Abdomen
1220 2289 1437 2340 quoque
1474 2274 1701 2322 crassius
1738 2266 1801 2319 &

139 2350 302 2401 latius
355 2367 517 2416 quam
553 2350 607 2397 in
642 2361 830 2409 mare,
876 2344 1129 2412 genitalia
1186 2342 1290 2393 fert
1340 2343 1566 2395 dimidio
1616 2349 1799 2391 ventre

141 2421 253 2472 fere
288 2419 544 2486 longiora.

77 2654 107 2681 Φ
144 2663 202 2703 2.
294 2643 375 2701 D.
424 2643 615 2717 dispar
659 2636 871 2721 elytris
924 2633 1555 2715 cinereo-pellucidis:
1611 2648 1797 2690 nervo
1864 2645 1869 2649 ’

323 2726 533 2785 costali
578 2728 773 2785 antice
818 2720 1051 2803 pallido
1086 2721 1313 2801 postice
1352 2721 1535 2778 fusco,

285 2867 402 2916 Act.
444 2864 616 2915 Holm.
663 2883 715 2934 p.
761 2862 869 2915 126.

287 2993 411 3044 Mas
461 2988 519 3041 <Sc
578 2993 711 3044 Fem.
764 2995 815 3041 in
852 2989 1018 3060 pratis
1065 2985 1123 3037 δε
1186 2988 1331 3051 juxta
1378 3003 1541 3051 agros
1604 2981 1800 3032 Scaniae

146 3063 342 3129 passim
365 3100 380 3128 7
418 3063 497 3112 sat
535 3062 801 3131 frequens.
871 3061 1076 3122 Parva,
1134 3056 1319 3124 longit.
1356 3058 1443 3110 vix
1479 3073 1506 3105 2
1542 3053 1630 3104 lin.
1702 3050 1801 3101 Ca-
