1881 3306
331 197 401 250 68

439 654 486 700 A„

447 691 1371 810 *FULGORIDES

136 917 357 1080 αμα
399 1008 733 1073 carinatum
773 1010 870 1070 vel
912 1011 976 1068 in
1018 1031 1201 1080 cornu
1233 1010 1626 1092 productum:
1663 1031 1760 1069 ro-

301 1119 424 1168 stro
465 1112 575 1171 sub
618 1115 772 1174 collo
802 1115 1035 1175 inflexo,

127 1201 403 1266 Antennoe
431 1231 644 1289 parum
682 1215 1008 1274 articulatae
1032 1213 1439 1273 breviusculae.

136 1303 352 1362 Thorax
386 1305 576 1366 limbo
626 1312 834 1372 collari
879 1316 1074 1372 antice
1114 1324 1336 1371 auctus.

122 1399 437 1481 Hemelytra
471 1428 578 1488 per
621 1421 891 1470 suturam
934 1423 1160 1470 rectam
1203 1412 1602 1471 conniventia.

128 1497 294 1556 Tarsi
333 1503 763 1567 tri-articulati.

276 1647 481 1716 Species
519 1653 676 1721 hujus
709 1657 974 1719 Familiae,
1039 1675 1154 1707 cum
1199 1654 1509 1720 Cicadariis‚
1576 1655 1668 1721 (δε
1704 1664 1760 1712 in

121 1713 370 1767 methodo
419 1730 597 1768 nostra
655 1725 1085 1788 Hemipterorum
1153 1740 1271 1772 cum
1334 1725 1731 1791 Tettigonidibus
1784 1733 1786 1736 ’

117 1783 243 1833 olim
283 1790 598 1853 conjunctae,
666 1793 718 1838 in
761 1791 1065 1854 regionibus
1101 1801 1253 1839 terrae
1290 1791 1629 1844 calidioribus
1673 1799 1758 1843 vi-

113 1862 225 1901 tam
274 1854 514 1921 inprimis
564 1858 806 1924 degunt3
878 1853 935 1907 δε
986 1861 1036 1907 in
1095 1860 1174 1908 his
1213 1860 1449 1924 quaedam
1484 1861 1757 1930 Hemipte-

118 1936 299 1971 rorum
371 1925 551 1989 primae
608 1928 978 1992 magnitudinis
1039 1926 1373 1977 animalcula.
1444 1931 1723 1981 Pauciores
1748 1967 1765 1994 ‚

117 2006 236 2053 quae
274 1993 325 2038 in
360 1992 727 2057 Septentrione
764 2004 1071 2059 versantur,
1123 1999 1335 2044 minutae
1383 2007 1504 2045 sunt
1541 2002 1753 2065 species.

113 2055 220 2106 Eas
291 2069 467 2107 autem
523 2064 574 2110 in
613 2067 882 2132 propriam
936 2058 990 2112 &
1031 2083 1060 2114 a
1111 2063 1424 2126 Cicadariis,
1466 2069 1760 2130 specierum

119 2133 272 2175 antea
311 2128 612 2194 ditissimis,
663 2131 963 2182 distinctam
1002 2133 1280 2183 Familiam
1329 2134 1662 2184 introducere
1697 2132 1760 2186 δε

123 2201 393 2244 structura
430 2200 649 2264 capitis,
687 2203 949 2261 thoraci5‚
993 2201 1515 2268 hemelytro'rumque
1551 2202 1759 2252 diversa
1796 2247 1806 2249 ,

115 2261 359 2328 inprimis
399 2267 596 2318 suadet.
680 2271 764 2320 Sic
799 2269 1102 2335 Fulgorides
1148 2269 1317 2337 capite
1348 2269 1758 2337 perpendicula-
1791 2319 1795 2322 ,

118 2330 166 2376 ri
207 2326 263 2380 &
302 2334 477 2381 fronte
513 2336 806 2388 lui-sulcata
841 2358 877 2388 5.
922 2341 1259 2388 tri-carinata
1307 2340 1574 2388 instructae
1611 2349 1753 2390 sunt.

115 2396 331 2450 Thorax
395 2400 713 2472 plerumque
753 2409 918 2458 limbo
969 2409 1293 2472 angustiori,
1345 2409 1530 2472 saepius
1586 2424 1754 2456 mem·

117 2465 415 2530 brmmceo,
454 2474 627 2522 antice
664 2487 904 2540 augetur.
981 2478 1267 2527 Armatura
1302 2474 1554 2533 tibiarum
1581 2493 1609 2524 e
1653 2478 1758 2545 spi-

112 2533 252 2584 nulis
286 2540 628 2605 paucioribus
663 2555 881 2595 constat.

250 2661 427 2716 Victus
483 2666 537 2714 in
573 2671 831 2734 gramine,
870 2690 1014 2722 more
1063 2669 1461 2723 Cicadariarum·
1539 2668 1753 2723 Volatus

118 2732 323 2795 segni53
370 2741 543 2785 motus
584 2747 758 2787 autem
794 2739 1098 2792 saltatorius
1135 2738 1301 2789 velox.

250 2858 447 2908 Nomen
475 2826 709 2913 Ffamssiae
746 2864 1046 2932 Fulgorellae
1082 2866 1238 2917 Lnn.
1271 2860 1328 2918 &
1355 2864 1615 2932 Gizama,
1658 2865 1755 2930 (di-,

114 2924 450 2995 minutivum)
482 2931 631 2983 nobis
665 2950 768 2984 non
807 2935 995 3003 placet.
