1881 3306
353 171 421 240 66

157 306 480 377 triangulum
522 307 766 355 formans.
839 305 1085 358 Antennae
1136 306 1412 359 filiformes
1444 308 1613 376 capite
1645 309 1776 361 tho-

145 396 380 446 .raceque
420 378 505 424 vix
544 376 826 439 longiores,v
864 375 1253 436 4-articulatae:
1293 377 1522 426 articulo
1547 379 1776 428 secundo

157 448 395 514 longiori.
469 442 624 501 Pedes
658 443 961 511 simplices‚:
996 444 1138 493 tibiis
1175 444 1267 510 (an
1291 461 1492 513 semper
1511 445 1549 510 Ρ)
1587 449 1776 514 spina,-

157 523 295 570 loeis.

294 642 463 706 Hujus
502 640 697 704 species
731 656 847 688 cum
886 636 1094 704 Lygcez's
1128 638 1474 689 conveniunt:
1528 638 1781 701 directio,-

145 712 219 766 vne
262 726 543 759 nervorum
584 709 633 753 in
674 708 975 755 membrana
1010 706 1148 767 (licet
1183 707 1510 772 obsoletiori,
1537 716 1586 755 et
1615 709 1665 753 in
1693 710 1779 754 in·-

160 779 385 833 dividnis
420 777 645 823 minimis
676 777 759 822 vix
804 775 940 834 ulla)
966 784 1024 822 ut
1059 783 1110 823 et
1149 785 1414 825 structura
1455 773 1780 843 genitalium.

164 857 229 901 At
268 848 558 896 differunt:
601 852 863 892 structura
904 843 1111 907 capitis
1137 845 1453 909 mamque,
1495 855 1550 893 ut
1592 854 1640 891 et
1684 842 1783 889 ha-

162 920 418 969 bitatione
457 914 674 960 diversa.
749 910 1096 976 Hospitantur
1139 915 1188 960 in
1238 912 1374 960 foliis
1416 914 1702 979 praesertim
1731 911 1783 956 in

164 986 391 1034 arbustis·
445 991 495 1028 et
531 982 581 1027 in
628 978 880 1040 floribus;
936 978 1055 1028 inde
1095 999 1310 1047 quoque
1349 999 1535 1030 nomen
1569 981 1784 1027 Generis

164 1055 524 1104 desumsimus.

173 1288 193 1325 1
250 1245 642 1322 Asnemornm
688 1249 855 1338 niger
896 1259 1157 1328 nitiduS,
1203 1260 1496 1324 antennis,
1533 1257 1783 1339 elytris,

329 1344 704 1427 pedibusque
753 1342 1248 1424 pallescentibUS‚
1305 1354 1529 1424 puncto
1565 1342 1790 1422 elytro-

331 1451 468 1488 rum
511 1450 698 1507 nigro.

309 1578 480 1631 Cime'x
512 1595 767 1630 nemorum
808 1578 960 1626 Linn.
1002 1577 1098 1625 Fn.
1139 1578 1224 1628 Sv.
1267 1580 1383 1647 953.

319 1709 431 1755 Mis
471 1702 527 1752 &
567 1707 694 1754 FEM.
738 1703 954 1753 Habitat
995 1705 1045 1750 in
1090 1705 1352 1767 arbustis,
1395 1704 1614 1754 floribus
1653 1715 1704 1755 et
1740 1708 1792 1755 in

172 1778 405 1845 gramine
444 1772 596 1822 valde
636 1774 897 1838 freqrwm,
939 1773 1144 1819 Faciem
1184 1770 1319 1838 Lyg.
1352 1773 1544 1834 abietis,
1579 1777 1659 1824 uti
1697 1795 1794 1825 vo-

168 1849 274 1896 ‘luit
320 1842 488 1891 Nobil.
534 1861 560 1888 a
604 1843 770 1891 Lrsn-e'
822 1840 1018 1900 habet,
1078 1849 1130 1887 at
1170 1843 1580 1903 magnitudinem
1620 1845 1793 1893 mino-

172 1932 297 1965 rem.
341 1909 532 1975 Corpus
570 1913 792 1973 nigrum,
833 1910 1077 1967 nitidum,
1117 1909 1314 1956 nudum
1355 1910 1639 1973 oblongum
1667 1920 1795 1978 par'-

168 2000 313 2041 ¹vum.
383 1981 628 2029 Antennoe
672 1981 843 2043 capite
892 1977 1214 2042 thoraceque
1263 1977 1441 2044 paullo
1504 1979 1796 2044 longiores:

176 2048 401 2101 articulo
454 2049 640 2094 ultimo
693 2049 856 2110 nigro.
935 2043 1141 2095 Thorax
1185 2047 1356 2094 antice
1399 2049 1695 2112 angustior,
1741 2049 1793 2097 in

175 2117 345 2169 medio
392 2118 726 2165 transversim
767 2114 1113 2162 subsulcatus.
1183 2111 1375 2178 Elytra
1411 2117 1581 2162 antice
1619 2115 1796 2163 albida

177 2203 263 2238 seu
304 2185 517 2251 pallida:
555 2192 750 2249 puncto
794 2182 960 2229 medio
1004 2184 1184 2246 nigro,
1229 2185 1298 2239 (in
1342 2184 1571 2230 mortuis·
1600 2200 1794 2230 evane-

179 2258 371 2316 scente)
420 2255 569 2319 apice
611 2253 927 2316 nigricante:
970 2251 1272 2298 membrana
1313 2251 1363 2297 in
1412 2253 1540 2300 vivis
1588 2251 1795 2299 macula

178 2326 324 2387 nigra
366 2329 609 2380 notatur3
652 2323 700 2367 in
746 2320 1010 2368 exsiccatis
1054 2320 1137 2366 vix
1172 2318 1464 2380 maculata,
1499 2318 1635 2369 alba.
1681 2319 1795 2369 Aloe

179 2391 438 2440 metallice
478 2390 663 2437 nitent.
704 2387 860 2438 Pedes
898 2386 1111 2454 pallidi,
1148 2406 1182 2434 s.
1211 2385 1534 2436 lutescentes:
1563 2388 1794 2457 femori-

180 2460 271 2510 bus
314 2458 573 2505 interdum
615 2455 694 2503 vel
749 2457 890 2516 totis,
941 2455 1022 2501 vel
1059 2458 1203 2521 apice
1257 2457 1429 2518 nigris,
1467 2485 1533 2496 -
1571 2457 1797 2506 Larvam

181 2527 391 2575 exuvias
424 2525 768 2589 deponentem
821 2525 872 2570 in
925 2524 1142 2575 Humulo
1193 2524 1390 2589 lupulo,
1446 2543 1616 2573 mense
1666 2525 1799 2586 Sep-
1873 2559 1878 2563 .

172 2594 340 2643 terni),
383 2593 644 2656 aliamque
679 2593 775 2639 sub
814 2593 1005 2640 cortice
1050 2592 1252 2640 arboris
1294 2601 1542 2640 emortuae
1582 2592 1799 2656 larvam,

184 2662 307 2710 huic
346 2679 449 2710 non
486 2659 806 2721 dissimilem,
842 2660 1213 2709 hibernantem
1254 2660 1664 2712 observavimus.

326 2797 417 2850 Va
434 2814 479 2849 r.
518 2799 558 2867 β
589 2795 754 2864 duplo
787 2798 959 2847 minor
998 2806 1051 2846 et
1093 2797 1257 2860 ultra3
1305 2814 1525 2865 corpore
1564 2807 1804 2850 testaceo:

187 2885 356 2935 nuper
395 2866 634 2919 exclusa?

337 2993 480 3044 Not.
531 2993 610 3040 Ad
654 2993 793 3041 hanc
836 2994 1057 3059 speciem
1096 2995 1467 3047 utsvarietates
1506 2990 1807 3042 verisimili-

189 3071 271 3111 ter
310 3062 493 3110 referri
533 3061 756 3113 debent:
793 3060 960 3113 Salda
989 3063 1246 3115 silvestris
1280 3064 1435 3113 Fun.
1476 3065 1601 3124 (non
1637 3060 1807 3124 Linn.)
