<?xml version="1.0" encoding="UTF-8"?>
<!DOCTYPE html PUBLIC "-//W3C//DTD XHTML 1.0 Transitional//EN"
    "http://www.w3.org/TR/xhtml1/DTD/xhtml1-transitional.dtd">
<html xmlns="http://www.w3.org/1999/xhtml" xml:lang="en" lang="en">
 <head>
  <title>
</title>
<meta http-equiv="Content-Type" content="text/html;charset=utf-8" />
  <meta name='ocr-system' content='tesseract 3.04.00' />
  <meta name='ocr-capabilities' content='ocr_page ocr_carea ocr_par ocr_line ocrx_word'/>
</head>
<body>
  <div class='ocr_page' id='page_1' title='image "./hemipterasvaci00fall_0208.png"; bbox 0 0 1881 3306; ppageno 0'>
   <div class='ocr_carea' id='block_1_1' title="bbox 335 110 369 172">
    <p class='ocr_par' dir='ltr' id='par_1_1' title="bbox 335 110 369 172">
     <span class='ocr_line' id='line_1_1' title="bbox 335 110 369 172; baseline 0 -16"><span class='ocrx_word' id='word_1_1' title='bbox 335 110 369 172; x_wconf 71' lang='grc'><strong><em>4</em></strong></span> 
     </span>
    </p>
   </div>
   <div class='ocr_carea' id='block_1_2' title="bbox 69 246 1777 1074">
    <p class='ocr_par' dir='ltr' id='par_1_2' title="bbox 69 246 1777 1074">
     <span class='ocr_line' id='line_1_2' title="bbox 133 246 1768 314; baseline 0.003 -16"><span class='ocrx_word' id='word_1_2' title='bbox 133 259 246 299; x_wconf 85' lang='lat' dir='ltr'>tum</span> <span class='ocrx_word' id='word_1_3' title='bbox 301 246 490 296; x_wconf 88' lang='lat' dir='ltr'>coloris</span> <span class='ocrx_word' id='word_1_4' title='bbox 541 249 592 295; x_wconf 91' lang='lat' dir='ltr'>in</span> <span class='ocrx_word' id='word_1_5' title='bbox 640 249 779 298; x_wconf 81' lang='lat' dir='ltr'>Sexu</span> <span class='ocrx_word' id='word_1_6' title='bbox 815 251 998 301; x_wconf 84' lang='lat' dir='ltr'>eodem</span> <span class='ocrx_word' id='word_1_7' title='bbox 1041 253 1346 314; x_wconf 79' lang='lat' dir='ltr'>discrimen,</span> <span class='ocrx_word' id='word_1_8' title='bbox 1402 269 1575 301; x_wconf 80' lang='lat' dir='ltr'>verrm</span> <span class='ocrx_word' id='word_1_9' title='bbox 1611 256 1768 304; x_wconf 85' lang='lat' dir='ltr'>etiam</span> 
     </span>
     <span class='ocr_line' id='line_1_3' title="bbox 69 312 1766 390; baseline 0.003 -23"><span class='ocrx_word' id='word_1_10' title='bbox 69 312 73 316; x_wconf 55' lang='grc'><strong>’</strong></span> <span class='ocrx_word' id='word_1_11' title='bbox 130 321 187 368; x_wconf 85' lang='lat' dir='ltr'>in</span> <span class='ocrx_word' id='word_1_12' title='bbox 225 317 364 366; x_wconf 89' lang='lat' dir='ltr'>Sexu</span> <span class='ocrx_word' id='word_1_13' title='bbox 415 316 678 368; x_wconf 86' lang='lat' dir='ltr'>alterutro</span> <span class='ocrx_word' id='word_1_14' title='bbox 722 320 998 369; x_wconf 87' lang='lat' dir='ltr'>diversitas</span> <span class='ocrx_word' id='word_1_15' title='bbox 1046 323 1361 388; x_wconf 85' lang='lat' dir='ltr'><strong>picturaque</strong></span> <span class='ocrx_word' id='word_1_16' title='bbox 1413 320 1532 368; x_wconf 85' lang='lat' dir='ltr'>alia.</span> <span class='ocrx_word' id='word_1_17' title='bbox 1606 324 1766 390; x_wconf 87' lang='lat' dir='ltr'>Cujus</span> 
     </span>
     <span class='ocr_line' id='line_1_4' title="bbox 129 384 1766 456; baseline 0.005 -20"><span class='ocrx_word' id='word_1_18' title='bbox 129 387 208 436; x_wconf 77' lang='lat' dir='ltr'>rei</span> <span class='ocrx_word' id='word_1_19' title='bbox 244 384 478 450; x_wconf 79' lang='lat' dir='ltr'>exempla</span> <span class='ocrx_word' id='word_1_20' title='bbox 522 393 726 435; x_wconf 79' lang='lat' dir='ltr'>exstant</span> <span class='ocrx_word' id='word_1_21' title='bbox 766 387 908 437; x_wconf 89' lang='lat' dir='ltr'>haud</span> <span class='ocrx_word' id='word_1_22' title='bbox 944 407 1112 455; x_wconf 85' lang='lat' dir='ltr'>pauca</span> <span class='ocrx_word' id='word_1_23' title='bbox 1149 392 1200 436; x_wconf 88' lang='lat' dir='ltr'>in</span> <span class='ocrx_word' id='word_1_24' title='bbox 1227 388 1437 456; x_wconf 74' lang='lat' dir='ltr'>Cercope</span> <span class='ocrx_word' id='word_1_25' title='bbox 1473 393 1766 456; x_wconf 70' lang='lat' dir='ltr'>spumaria,</span> 
     </span>
     <span class='ocr_line' id='line_1_5' title="bbox 132 453 1768 526; baseline 0.003 -22"><span class='ocrx_word' id='word_1_26' title='bbox 132 453 320 504; x_wconf 80' lang='lat' dir='ltr'><em>Cicada</em></span> <span class='ocrx_word' id='word_1_27' title='bbox 355 455 552 503; x_wconf 75' lang='lat' dir='ltr'>rustica</span> <span class='ocrx_word' id='word_1_28' title='bbox 579 491 593 516; x_wconf 92' lang='lat'>,</span> <span class='ocrx_word' id='word_1_29' title='bbox 639 454 813 522; x_wconf 57' lang='lat' dir='ltr'>&amp;asso</span> <span class='ocrx_word' id='word_1_30' title='bbox 834 456 1090 526; x_wconf 84' lang='lat' dir='ltr'>fruticola</span> <span class='ocrx_word' id='word_1_31' title='bbox 1129 454 1232 507; x_wconf 72' lang='grc' dir='ltr'>ὅτε.</span> <span class='ocrx_word' id='word_1_32' title='bbox 1307 460 1450 521; x_wconf 88' lang='lat' dir='ltr'>Quin</span> <span class='ocrx_word' id='word_1_33' title='bbox 1499 459 1677 525; x_wconf 84' lang='lat' dir='ltr'>plures</span> <span class='ocrx_word' id='word_1_34' title='bbox 1720 464 1768 509; x_wconf 89' lang='lat' dir='ltr'>i-</span> 
     </span>
     <span class='ocr_line' id='line_1_6' title="bbox 128 522 1766 590; baseline 0.004 -19"><span class='ocrx_word' id='word_1_35' title='bbox 128 525 278 589; x_wconf 84' lang='lat' dir='ltr'>gitur</span> <span class='ocrx_word' id='word_1_36' title='bbox 325 522 519 588; x_wconf 83' lang='lat' dir='ltr'>species</span> <span class='ocrx_word' id='word_1_37' title='bbox 559 525 612 570; x_wconf 90' lang='lat' dir='ltr'>iu</span> <span class='ocrx_word' id='word_1_38' title='bbox 650 525 950 590; x_wconf 86' lang='lat' dir='ltr'>Systemata</span> <span class='ocrx_word' id='word_1_39' title='bbox 985 527 1312 578; x_wconf 82' lang='lat' dir='ltr'>introductas</span> <span class='ocrx_word' id='word_1_40' title='bbox 1361 545 1387 575; x_wconf 89' lang='lat' dir='ltr'>e</span> <span class='ocrx_word' id='word_1_41' title='bbox 1425 529 1557 576; x_wconf 85' lang='lat' dir='ltr'>serie</span> <span class='ocrx_word' id='word_1_42' title='bbox 1594 533 1766 577; x_wconf 87' lang='lat' dir='ltr'>omni-</span> 
     </span>
     <span class='ocr_line' id='line_1_7' title="bbox 126 589 1768 653; baseline 0.003 -12"><span class='ocrx_word' id='word_1_43' title='bbox 126 609 200 642; x_wconf 83' lang='lat' dir='ltr'>no</span> <span class='ocrx_word' id='word_1_44' title='bbox 234 589 399 640; x_wconf 88' lang='lat' dir='ltr'>deleri</span> <span class='ocrx_word' id='word_1_45' title='bbox 458 590 708 653; x_wconf 86' lang='lat' dir='ltr'>debeant,</span> <span class='ocrx_word' id='word_1_46' title='bbox 757 597 969 644; x_wconf 85' lang='lat' dir='ltr'>minime</span> <span class='ocrx_word' id='word_1_47' title='bbox 1006 605 1082 644; x_wconf 88' lang='lat' dir='ltr'>est</span> <span class='ocrx_word' id='word_1_48' title='bbox 1127 597 1507 647; x_wconf 71' lang='lat' dir='ltr'>dubitandum:</span> <span class='ocrx_word' id='word_1_49' title='bbox 1577 598 1768 646; x_wconf 81' lang='lat' dir='ltr'><strong>Obstat</strong></span> 
     </span>
     <span class='ocr_line' id='line_1_8' title="bbox 127 658 1766 731; baseline 0.004 -24"><span class='ocrx_word' id='word_1_50' title='bbox 127 677 347 726; x_wconf 89' lang='lat' dir='ltr'>quoque</span> <span class='ocrx_word' id='word_1_51' title='bbox 388 658 577 710; x_wconf 85' lang='lat' dir='ltr'>co&#39;loris</span> <span class='ocrx_word' id='word_1_52' title='bbox 616 663 679 721; x_wconf 38' lang='lat' dir='ltr'>in·</span> <span class='ocrx_word' id='word_1_53' title='bbox 704 664 922 712; x_wconf 87' lang='lat' dir='ltr'>diversis</span> <span class='ocrx_word' id='word_1_54' title='bbox 949 666 1219 731; x_wconf 75' lang='lat' dir='ltr'>speciebus</span> <span class='ocrx_word' id='word_1_55' title='bbox 1260 665 1414 712; x_wconf 89' lang='lat' dir='ltr'>nimia</span> <span class='ocrx_word' id='word_1_56' title='bbox 1457 664 1766 727; x_wconf 86' lang='lat' dir='ltr'>similitudo,</span> 
     </span>
     <span class='ocr_line' id='line_1_9' title="bbox 125 728 1774 800; baseline 0.005 -24"><span class='ocrx_word' id='word_1_57' title='bbox 125 737 191 776; x_wconf 77' lang='lat' dir='ltr'>ut</span> <span class='ocrx_word' id='word_1_58' title='bbox 228 731 281 775; x_wconf 84' lang='lat' dir='ltr'>in</span> <span class='ocrx_word' id='word_1_59' title='bbox 323 729 420 781; x_wconf 83' lang='lat' dir='ltr'>Cic.</span> <span class='ocrx_word' id='word_1_60' title='bbox 464 730 666 795; x_wconf 75' lang='lat' dir='ltr'><em>agresti</em></span> <span class='ocrx_word' id='word_1_61' title='bbox 704 728 760 781; x_wconf 73' lang='grc' dir='ltr'>δε</span> <span class='ocrx_word' id='word_1_62' title='bbox 792 731 1020 800; x_wconf 80' lang='lat' dir='ltr'>pleheja,</span> <span class='ocrx_word' id='word_1_63' title='bbox 1058 737 1110 782; x_wconf 88' lang='lat' dir='ltr'>in</span> <span class='ocrx_word' id='word_1_64' title='bbox 1155 731 1249 784; x_wconf 86' lang='lat' dir='ltr'>Cic.</span> <span class='ocrx_word' id='word_1_65' title='bbox 1288 734 1504 783; x_wconf 77' lang='lat' dir='ltr'><em>assimili</em></span> <span class='ocrx_word' id='word_1_66' title='bbox 1541 729 1594 780; x_wconf 83' lang='lat'>&amp;</span> <span class='ocrx_word' id='word_1_67' title='bbox 1617 735 1774 784; x_wconf 47' lang='lat' dir='ltr'>*vire-</span> 
     </span>
     <span class='ocr_line' id='line_1_10' title="bbox 124 795 1777 868; baseline 0.001 -20"><span class='ocrx_word' id='word_1_68' title='bbox 124 801 281 848; x_wconf 71' lang='lat' dir='ltr'>scenti</span> <span class='ocrx_word' id='word_1_69' title='bbox 319 795 421 849; x_wconf 84' lang='lat' dir='ltr'>&amp;c·</span> <span class='ocrx_word' id='word_1_70' title='bbox 496 803 577 850; x_wconf 86' lang='lat' dir='ltr'>Ad</span> <span class='ocrx_word' id='word_1_71' title='bbox 631 810 956 851; x_wconf 83' lang='lat' dir='ltr'><strong>structuram</strong></span> <span class='ocrx_word' id='word_1_72' title='bbox 1004 805 1168 867; x_wconf 86' lang='lat' dir='ltr'>igitur</span> <span class='ocrx_word' id='word_1_73' title='bbox 1220 803 1455 851; x_wconf 89' lang='lat' dir='ltr'>omnium</span> <span class='ocrx_word' id='word_1_74' title='bbox 1503 806 1733 868; x_wconf 85' lang='lat' dir='ltr'>partium</span> <span class='ocrx_word' id='word_1_75' title='bbox 1761 839 1777 864; x_wconf 91' lang='lat'>,</span> 
     </span>
     <span class='ocr_line' id='line_1_11' title="bbox 123 867 1767 937; baseline 0.004 -24"><span class='ocrx_word' id='word_1_76' title='bbox 123 884 416 933; x_wconf 80' lang='lat' dir='ltr'>earumque</span> <span class='ocrx_word' id='word_1_77' title='bbox 462 872 895 937; x_wconf 84' lang='lat' dir='ltr'>proportionem,</span> <span class='ocrx_word' id='word_1_78' title='bbox 950 873 1344 936; x_wconf 84' lang='lat' dir='ltr'><strong>impressiones,</strong></span> <span class='ocrx_word' id='word_1_79' title='bbox 1402 873 1648 922; x_wconf 69' lang='lat' dir='ltr'>vestitum</span> <span class='ocrx_word' id='word_1_80' title='bbox 1707 867 1767 920; x_wconf 82' lang='lat'>&amp;</span> 
     </span>
     <span class='ocr_line' id='line_1_12' title="bbox 125 934 1767 989; baseline 0.005 -8"><span class='ocrx_word' id='word_1_81' title='bbox 125 946 455 986; x_wconf 83' lang='lat' dir='ltr'>armaturam</span> <span class='ocrx_word' id='word_1_82' title='bbox 490 934 594 987; x_wconf 81' lang='lat' dir='ltr'>&amp;c.</span> <span class='ocrx_word' id='word_1_83' title='bbox 628 939 787 988; x_wconf 90' lang='lat' dir='ltr'>simul</span> <span class='ocrx_word' id='word_1_84' title='bbox 829 934 888 986; x_wconf 81' lang='lat'>&amp;</span> <span class='ocrx_word' id='word_1_85' title='bbox 927 938 1084 987; x_wconf 90' lang='lat' dir='ltr'>semel</span> <span class='ocrx_word' id='word_1_86' title='bbox 1120 945 1352 989; x_wconf 85' lang='lat' dir='ltr'>animum</span> <span class='ocrx_word' id='word_1_87' title='bbox 1407 939 1675 988; x_wconf 85' lang='lat' dir='ltr'>attendere</span> <span class='ocrx_word' id='word_1_88' title='bbox 1706 959 1767 989; x_wconf 92' lang='lat' dir='ltr'>o-</span> 
     </span>
     <span class='ocr_line' id='line_1_13' title="bbox 122 1007 1510 1074; baseline 0.003 -23"><span class='ocrx_word' id='word_1_89' title='bbox 122 1013 330 1070; x_wconf 78' lang='lat' dir='ltr'>portet,</span> <span class='ocrx_word' id='word_1_90' title='bbox 372 1024 437 1055; x_wconf 89' lang='lat' dir='ltr'>ne</span> <span class='ocrx_word' id='word_1_91' title='bbox 472 1007 867 1058; x_wconf 87' lang='lat' dir='ltr'>confundantur</span> <span class='ocrx_word' id='word_1_92' title='bbox 903 1009 1097 1074; x_wconf 88' lang='lat' dir='ltr'>species</span> <span class='ocrx_word' id='word_1_93' title='bbox 1136 1026 1257 1058; x_wconf 84' lang='lat' dir='ltr'>vere</span> <span class='ocrx_word' id='word_1_94' title='bbox 1279 1010 1510 1058; x_wconf 90' lang='lat' dir='ltr'>diversae.</span> 
     </span>
    </p>
   </div>
   <div class='ocr_carea' id='block_1_3' title="bbox 116 1130 1763 1475">
    <p class='ocr_par' dir='ltr' id='par_1_3' title="bbox 116 1130 1763 1475">
     <span class='ocr_line' id='line_1_14' title="bbox 273 1130 1762 1200; baseline 0.002 -19"><span class='ocrx_word' id='word_1_95' title='bbox 273 1130 607 1185; x_wconf 70' lang='lat' dir='ltr'>characteres</span> <span class='ocrx_word' id='word_1_96' title='bbox 641 1135 921 1198; x_wconf 76' lang='lat' dir='ltr'><strong><em>Generum,</em></strong></span> <span class='ocrx_word' id='word_1_97' title='bbox 953 1153 1045 1184; x_wconf 87' lang='lat' dir='ltr'>nos</span> <span class='ocrx_word' id='word_1_98' title='bbox 1085 1136 1312 1200; x_wconf 80' lang='lat' dir='ltr'>eligisse‚</span> <span class='ocrx_word' id='word_1_99' title='bbox 1372 1135 1762 1200; x_wconf 82' lang='lat' dir='ltr'>comparatione</span> 
     </span>
     <span class='ocr_line' id='line_1_15' title="bbox 120 1197 1763 1271; baseline 0.004 -26"><span class='ocrx_word' id='word_1_100' title='bbox 120 1197 537 1262; x_wconf 62' lang='lat' dir='ltr'>indixiduorum,</span> <span class='ocrx_word' id='word_1_101' title='bbox 576 1205 811 1253; x_wconf 84' lang='lat' dir='ltr'>Sveciam</span> <span class='ocrx_word' id='word_1_102' title='bbox 846 1205 1220 1263; x_wconf 85' lang='lat' dir='ltr'>incolentium,</span> <span class='ocrx_word' id='word_1_103' title='bbox 1258 1206 1488 1271; x_wconf 81' lang='lat' dir='ltr'>ejusdem</span> <span class='ocrx_word' id='word_1_104' title='bbox 1525 1214 1763 1257; x_wconf 83' lang='lat' dir='ltr'>structu-</span> 
     </span>
     <span class='ocr_line' id='line_1_16' title="bbox 120 1264 1762 1338; baseline 0.005 -24"><span class='ocrx_word' id='word_1_105' title='bbox 120 1284 220 1327; x_wconf 58' lang='lat' dir='ltr'>rae,</span> <span class='ocrx_word' id='word_1_106' title='bbox 280 1264 336 1316; x_wconf 70' lang='grc' dir='ltr'>δε</span> <span class='ocrx_word' id='word_1_107' title='bbox 394 1273 863 1338; x_wconf 70' lang='lat' dir='ltr'>metamorphosis,</span> <span class='ocrx_word' id='word_1_108' title='bbox 924 1273 1067 1331; x_wconf 84' lang='lat' dir='ltr'>haud</span> <span class='ocrx_word' id='word_1_109' title='bbox 1124 1273 1431 1322; x_wconf 81' lang='lat' dir='ltr'>diffitemur.</span> <span class='ocrx_word' id='word_1_110' title='bbox 1510 1274 1652 1335; x_wconf 88' lang='lat' dir='ltr'>Quin</span> <span class='ocrx_word' id='word_1_111' title='bbox 1707 1273 1762 1322; x_wconf 90' lang='lat' dir='ltr'>hi</span> 
     </span>
     <span class='ocr_line' id='line_1_17' title="bbox 118 1335 1763 1408; baseline 0.004 -26"><span class='ocrx_word' id='word_1_112' title='bbox 118 1335 449 1387; x_wconf 77' lang='lat' dir='ltr'>characteres</span> <span class='ocrx_word' id='word_1_113' title='bbox 500 1342 771 1405; x_wconf 76' lang='lat' dir='ltr'>speciebus</span> <span class='ocrx_word' id='word_1_114' title='bbox 826 1359 1038 1408; x_wconf 86' lang='lat' dir='ltr'>quoque</span> <span class='ocrx_word' id='word_1_115' title='bbox 1091 1344 1332 1403; x_wconf 80' lang='lat' dir='ltr'>exoticis,</span> <span class='ocrx_word' id='word_1_116' title='bbox 1389 1358 1418 1387; x_wconf 89' lang='lat' dir='ltr'>a</span> <span class='ocrx_word' id='word_1_117' title='bbox 1467 1342 1617 1390; x_wconf 85' lang='lat' dir='ltr'>nobis</span> <span class='ocrx_word' id='word_1_118' title='bbox 1656 1342 1763 1390; x_wconf 83' lang='lat' dir='ltr'>sal-</span> 
     </span>
     <span class='ocr_line' id='line_1_18' title="bbox 116 1405 1490 1475; baseline 0.006 -26"><span class='ocrx_word' id='word_1_119' title='bbox 116 1407 213 1452; x_wconf 72' lang='lat' dir='ltr'>tim</span> <span class='ocrx_word' id='word_1_120' title='bbox 253 1405 492 1456; x_wconf 78' lang='lat' dir='ltr'>lustratis</span> <span class='ocrx_word' id='word_1_121' title='bbox 525 1420 857 1475; x_wconf 78' lang='lat' dir='ltr'>competant,</span> <span class='ocrx_word' id='word_1_122' title='bbox 892 1410 1099 1460; x_wconf 87' lang='lat' dir='ltr'>nullum</span> <span class='ocrx_word' id='word_1_123' title='bbox 1138 1421 1213 1459; x_wconf 87' lang='lat' dir='ltr'>est</span> <span class='ocrx_word' id='word_1_124' title='bbox 1252 1411 1490 1460; x_wconf 85' lang='lat' dir='ltr'>dubium.</span> 
     </span>
    </p>
   </div>
   <div class='ocr_carea' id='block_1_4' title="bbox 100 1531 1795 2473">
    <p class='ocr_par' dir='ltr' id='par_1_4' title="bbox 100 1531 1795 2473">
     <span class='ocr_line' id='line_1_19' title="bbox 248 1531 1762 1602; baseline 0.001 -19"><span class='ocrx_word' id='word_1_125' title='bbox 248 1531 563 1600; x_wconf 52' lang='lat' dir='ltr'>Differentia</span> <span class='ocrx_word' id='word_1_126' title='bbox 603 1533 775 1584; x_wconf 71' lang='lat' dir='ltr'>Sexus</span> <span class='ocrx_word' id='word_1_127' title='bbox 830 1538 1004 1601; x_wconf 87' lang='lat' dir='ltr'>primo</span> <span class='ocrx_word' id='word_1_128' title='bbox 1039 1538 1305 1602; x_wconf 76' lang='lat' dir='ltr'>‘detegitur</span> <span class='ocrx_word' id='word_1_129' title='bbox 1341 1535 1556 1583; x_wconf 86' lang='lat' dir='ltr'>intuitu.</span> <span class='ocrx_word' id='word_1_130' title='bbox 1630 1535 1762 1584; x_wconf 86' lang='lat' dir='ltr'>Ete-</span> 
     </span>
     <span class='ocr_line' id='line_1_20' title="bbox 116 1599 1795 1669; baseline 0.002 -22"><span class='ocrx_word' id='word_1_131' title='bbox 116 1599 226 1647; x_wconf 81' lang='lat' dir='ltr'>nim</span> <span class='ocrx_word' id='word_1_132' title='bbox 268 1603 514 1665; x_wconf 76' lang='lat' dir='ltr'>genitalia</span> <span class='ocrx_word' id='word_1_133' title='bbox 574 1606 625 1651; x_wconf 91' lang='lat' dir='ltr'>in</span> <span class='ocrx_word' id='word_1_134' title='bbox 666 1606 843 1664; x_wconf 84' lang='lat' dir='ltr'>Mare,</span> <span class='ocrx_word' id='word_1_135' title='bbox 902 1622 1016 1669; x_wconf 85' lang='lat' dir='ltr'>quae</span> <span class='ocrx_word' id='word_1_136' title='bbox 1077 1622 1281 1669; x_wconf 83' lang='lat' dir='ltr'>semper</span> <span class='ocrx_word' id='word_1_137' title='bbox 1334 1604 1578 1652; x_wconf 85' lang='lat' dir='ltr'>breviora</span> <span class='ocrx_word' id='word_1_138' title='bbox 1640 1613 1795 1653; x_wconf 89' lang='lat' dir='ltr'>sunt·</span> 
     </span>
     <span class='ocr_line' id='line_1_21' title="bbox 114 1670 1761 1731; baseline 0.004 -17"><span class='ocrx_word' id='word_1_139' title='bbox 114 1685 278 1731; x_wconf 78' lang='lat' dir='ltr'>quam</span> <span class='ocrx_word' id='word_1_140' title='bbox 329 1670 382 1715; x_wconf 88' lang='lat' dir='ltr'>in</span> <span class='ocrx_word' id='word_1_141' title='bbox 424 1671 646 1731; x_wconf 81' lang='lat' dir='ltr'>femina,</span> <span class='ocrx_word' id='word_1_142' title='bbox 684 1688 711 1717; x_wconf 88' lang='lat' dir='ltr'>e</span> <span class='ocrx_word' id='word_1_143' title='bbox 749 1673 1030 1720; x_wconf 87' lang='lat' dir='ltr'>corniculis</span> <span class='ocrx_word' id='word_1_144' title='bbox 1072 1674 1281 1721; x_wconf 86' lang='lat' dir='ltr'>duobus</span> <span class='ocrx_word' id='word_1_145' title='bbox 1315 1670 1413 1721; x_wconf 86' lang='lat' dir='ltr'>sub</span> <span class='ocrx_word' id='word_1_146' title='bbox 1453 1677 1553 1718; x_wconf 85' lang='lat' dir='ltr'>ano</span> <span class='ocrx_word' id='word_1_147' title='bbox 1592 1674 1761 1720; x_wconf 90' lang='lat' dir='ltr'>inser—</span> 
     </span>
     <span class='ocr_line' id='line_1_22' title="bbox 106 1738 1763 1805; baseline 0.002 -23"><span class='ocrx_word' id='word_1_148' title='bbox 106 1738 206 1798; x_wconf 69' lang='lat' dir='ltr'>tis,</span> <span class='ocrx_word' id='word_1_149' title='bbox 234 1738 525 1800; x_wconf 82' lang='lat' dir='ltr'>vaginatis,</span> <span class='ocrx_word' id='word_1_150' title='bbox 565 1741 977 1805; x_wconf 80' lang='lat' dir='ltr'>approximatis,</span> <span class='ocrx_word' id='word_1_151' title='bbox 1016 1739 1266 1788; x_wconf 86' lang='lat' dir='ltr'>brevibus</span> <span class='ocrx_word' id='word_1_152' title='bbox 1302 1747 1540 1789; x_wconf 84' lang='lat' dir='ltr'>constare</span> <span class='ocrx_word' id='word_1_153' title='bbox 1583 1742 1763 1788; x_wconf 84' lang='lat' dir='ltr'>viden-</span> 
     </span>
     <span class='ocr_line' id='line_1_23' title="bbox 109 1805 1761 1870; baseline 0.003 -20"><span class='ocrx_word' id='word_1_154' title='bbox 109 1812 216 1854; x_wconf 86' lang='lat' dir='ltr'>tur.</span> <span class='ocrx_word' id='word_1_155' title='bbox 293 1805 509 1855; x_wconf 85' lang='lat' dir='ltr'>Femina</span> <span class='ocrx_word' id='word_1_156' title='bbox 539 1817 716 1856; x_wconf 88' lang='lat' dir='ltr'>autem</span> <span class='ocrx_word' id='word_1_157' title='bbox 766 1811 1007 1870; x_wconf 81' lang='lat' dir='ltr'>vaginam</span> <span class='ocrx_word' id='word_1_158' title='bbox 1046 1809 1200 1856; x_wconf 85' lang='lat' dir='ltr'>modo</span> <span class='ocrx_word' id='word_1_159' title='bbox 1241 1812 1484 1869; x_wconf 87' lang='lat' dir='ltr'>unicam,</span> <span class='ocrx_word' id='word_1_160' title='bbox 1535 1808 1761 1857; x_wconf 88' lang='lat' dir='ltr'>ensifor-</span> 
     </span>
     <span class='ocr_line' id='line_1_24' title="bbox 108 1874 1762 1938; baseline 0.002 -18"><span class='ocrx_word' id='word_1_161' title='bbox 108 1888 283 1934; x_wconf 83' lang='lat' dir='ltr'>mem,</span> <span class='ocrx_word' id='word_1_162' title='bbox 340 1893 617 1938; x_wconf 82' lang='lat' dir='ltr'>corneam,</span> <span class='ocrx_word' id='word_1_163' title='bbox 671 1875 893 1924; x_wconf 82' lang='lat' dir='ltr'>lamellis</span> <span class='ocrx_word' id='word_1_164' title='bbox 946 1876 1216 1924; x_wconf 87' lang='lat' dir='ltr'>suffultam</span> <span class='ocrx_word' id='word_1_165' title='bbox 1267 1874 1326 1926; x_wconf 82' lang='lat'>&amp;</span> <span class='ocrx_word' id='word_1_166' title='bbox 1376 1878 1430 1923; x_wconf 88' lang='lat' dir='ltr'>in</span> <span class='ocrx_word' id='word_1_167' title='bbox 1475 1879 1607 1924; x_wconf 84' lang='lat' dir='ltr'>rima</span> <span class='ocrx_word' id='word_1_168' title='bbox 1641 1877 1762 1925; x_wconf 90' lang='lat' dir='ltr'>lon-</span> 
     </span>
     <span class='ocr_line' id='line_1_25' title="bbox 110 1943 1760 2006; baseline 0.004 -19"><span class='ocrx_word' id='word_1_169' title='bbox 110 1943 428 2005; x_wconf 64' lang='lat' dir='ltr'>gitudinali7</span> <span class='ocrx_word' id='word_1_170' title='bbox 506 1964 598 1993; x_wconf 85' lang='lat' dir='ltr'>nec</span> <span class='ocrx_word' id='word_1_171' title='bbox 650 1946 830 2006; x_wconf 80' lang='lat' dir='ltr'>brevi,</span> <span class='ocrx_word' id='word_1_172' title='bbox 899 1945 999 1993; x_wconf 89' lang='lat' dir='ltr'>sub</span> <span class='ocrx_word' id='word_1_173' title='bbox 1053 1963 1173 1993; x_wconf 87' lang='lat' dir='ltr'>ano·</span> <span class='ocrx_word' id='word_1_174' title='bbox 1210 1948 1465 1995; x_wconf 83' lang='lat' dir='ltr'>inclusam</span> <span class='ocrx_word' id='word_1_175' title='bbox 1516 1945 1760 1994; x_wconf 74' lang='lat' dir='ltr'>ostendit.</span> 
     </span>
     <span class='ocr_line' id='line_1_26' title="bbox 111 2010 1761 2078; baseline 0.002 -23"><span class='ocrx_word' id='word_1_176' title='bbox 111 2010 261 2060; x_wconf 86' lang='lat' dir='ltr'>Hanc</span> <span class='ocrx_word' id='word_1_177' title='bbox 314 2028 439 2061; x_wconf 62' lang='lat' dir='ltr'>vero</span> <span class='ocrx_word' id='word_1_178' title='bbox 500 2016 774 2078; x_wconf 72' lang='lat' dir='ltr'>vaginam,</span> <span class='ocrx_word' id='word_1_179' title='bbox 834 2015 1016 2061; x_wconf 84' lang='lat' dir='ltr'>ovario</span> <span class='ocrx_word' id='word_1_180' title='bbox 1063 2014 1422 2063; x_wconf 86' lang='lat' dir='ltr'>verisimiliter</span> <span class='ocrx_word' id='word_1_181' title='bbox 1469 2015 1717 2061; x_wconf 85' lang='lat' dir='ltr'>insertam</span> <span class='ocrx_word' id='word_1_182' title='bbox 1747 2052 1761 2077; x_wconf 82' lang='lat'><strong><em>‚</em></strong></span> 
     </span>
     <span class='ocr_line' id='line_1_27' title="bbox 108 2082 1761 2148; baseline 0.002 -21"><span class='ocrx_word' id='word_1_183' title='bbox 108 2082 305 2127; x_wconf 83' lang='lat' dir='ltr'>exitum</span> <span class='ocrx_word' id='word_1_184' title='bbox 347 2084 615 2129; x_wconf 85' lang='lat' dir='ltr'>continere</span> <span class='ocrx_word' id='word_1_185' title='bbox 653 2100 750 2147; x_wconf 84' lang='lat' dir='ltr'>pro</span> <span class='ocrx_word' id='word_1_186' title='bbox 788 2083 1028 2146; x_wconf 82' lang='lat' dir='ltr'>genitura</span> <span class='ocrx_word' id='word_1_187' title='bbox 1055 2119 1068 2145; x_wconf 88' lang='lat'>,</span> <span class='ocrx_word' id='word_1_188' title='bbox 1106 2082 1309 2147; x_wconf 86' lang='lat' dir='ltr'>plantis·</span> <span class='ocrx_word' id='word_1_189' title='bbox 1340 2082 1631 2148; x_wconf 81' lang='lat' dir='ltr'>infigenda,</span> <span class='ocrx_word' id='word_1_190' title='bbox 1667 2099 1761 2131; x_wconf 88' lang='lat' dir='ltr'>nec</span> 
     </span>
     <span class='ocr_line' id='line_1_28' title="bbox 106 2147 1761 2214; baseline 0.002 -19"><span class='ocrx_word' id='word_1_191' title='bbox 106 2148 284 2199; x_wconf 82' lang='lat' dir='ltr'>deesse</span> <span class='ocrx_word' id='word_1_192' title='bbox 322 2147 486 2198; x_wconf 82' lang='lat' dir='ltr'>alium</span> <span class='ocrx_word' id='word_1_193' title='bbox 517 2160 596 2198; x_wconf 89' lang='lat' dir='ltr'>sat</span> <span class='ocrx_word' id='word_1_194' title='bbox 624 2153 919 2199; x_wconf 85' lang='lat' dir='ltr'>evidentem</span> <span class='ocrx_word' id='word_1_195' title='bbox 956 2161 1286 2200; x_wconf 79' lang='lat' dir='ltr'>excretorum</span> <span class='ocrx_word' id='word_1_196' title='bbox 1326 2152 1524 2200; x_wconf 82' lang='lat' dir='ltr'>exitum</span> <span class='ocrx_word' id='word_1_197' title='bbox 1552 2189 1566 2214; x_wconf 87' lang='lat'>,</span> <span class='ocrx_word' id='word_1_198' title='bbox 1609 2153 1662 2205; x_wconf 86' lang='lat' dir='ltr'>in</span> <span class='ocrx_word' id='word_1_199' title='bbox 1699 2169 1761 2198; x_wconf 88' lang='lat' dir='ltr'>a-</span> 
     </span>
     <span class='ocr_line' id='line_1_29' title="bbox 107 2218 1761 2285; baseline 0.004 -21"><span class='ocrx_word' id='word_1_200' title='bbox 107 2219 224 2283; x_wconf 81' lang='lat' dir='ltr'>pice</span> <span class='ocrx_word' id='word_1_201' title='bbox 276 2219 544 2280; x_wconf 85' lang='lat' dir='ltr'>intestini,</span> <span class='ocrx_word' id='word_1_202' title='bbox 599 2220 740 2285; x_wconf 89' lang='lat' dir='ltr'>quod</span> <span class='ocrx_word' id='word_1_203' title='bbox 800 2218 977 2266; x_wconf 87' lang='lat' dir='ltr'>locum</span> <span class='ocrx_word' id='word_1_204' title='bbox 1030 2221 1189 2285; x_wconf 85' lang='lat' dir='ltr'>spinae</span> <span class='ocrx_word' id='word_1_205' title='bbox 1243 2221 1385 2270; x_wconf 86' lang='lat' dir='ltr'>dorsi</span> <span class='ocrx_word' id='word_1_206' title='bbox 1423 2229 1597 2281; x_wconf 84' lang='lat' dir='ltr'>tenet,</span> <span class='ocrx_word' id='word_1_207' title='bbox 1637 2222 1761 2270; x_wconf 84' lang='lat' dir='ltr'>satis</span> 
     </span>
     <span class='ocr_line' id='line_1_30' title="bbox 102 2286 1764 2354; baseline 0.002 -22"><span class='ocrx_word' id='word_1_208' title='bbox 102 2294 274 2352; x_wconf 77' lang='lat' dir='ltr'>patet.</span> <span class='ocrx_word' id='word_1_209' title='bbox 326 2286 516 2337; x_wconf 85' lang='lat' dir='ltr'>Exitus</span> <span class='ocrx_word' id='word_1_210' title='bbox 549 2291 712 2354; x_wconf 75' lang='lat' dir='ltr'>igitur</span> <span class='ocrx_word' id='word_1_211' title='bbox 749 2289 1070 2348; x_wconf 88' lang='lat' dir='ltr'>communis,</span> <span class='ocrx_word' id='word_1_212' title='bbox 1117 2290 1195 2334; x_wconf 84' lang='lat' dir='ltr'>uti</span> <span class='ocrx_word' id='word_1_213' title='bbox 1234 2296 1479 2337; x_wconf 82' lang='lat' dir='ltr'>autumat</span> <span class='ocrx_word' id='word_1_214' title='bbox 1515 2288 1620 2336; x_wconf 88' lang='lat' dir='ltr'>Cel.</span> <span class='ocrx_word' id='word_1_215' title='bbox 1655 2289 1764 2336; x_wconf 61' lang='lat' dir='ltr'>FA-</span> 
     </span>
     <span class='ocr_line' id='line_1_31' title="bbox 100 2352 1761 2424; baseline 0.002 -20"><span class='ocrx_word' id='word_1_216' title='bbox 100 2373 329 2418; x_wconf 69' lang='lat' dir='ltr'>Jsmcms,</span> <span class='ocrx_word' id='word_1_217' title='bbox 371 2373 469 2421; x_wconf 88' lang='lat' dir='ltr'>pro</span> <span class='ocrx_word' id='word_1_218' title='bbox 507 2361 753 2424; x_wconf 82' lang='lat' dir='ltr'>genitura</span> <span class='ocrx_word' id='word_1_219' title='bbox 806 2352 863 2407; x_wconf 85' lang='lat'>&amp;</span> <span class='ocrx_word' id='word_1_220' title='bbox 915 2358 1134 2405; x_wconf 81' lang='lat' dir='ltr'>exoretis</span> <span class='ocrx_word' id='word_1_221' title='bbox 1179 2358 1233 2406; x_wconf 89' lang='lat' dir='ltr'>in</span> <span class='ocrx_word' id='word_1_222' title='bbox 1285 2358 1367 2408; x_wconf 91' lang='lat' dir='ltr'>his</span> <span class='ocrx_word' id='word_1_223' title='bbox 1421 2358 1761 2418; x_wconf 83' lang='lat' dir='ltr'>animalculis</span> 
     </span>
     <span class='ocr_line' id='line_1_32' title="bbox 101 2424 428 2473; baseline -0.009 0"><span class='ocrx_word' id='word_1_224' title='bbox 101 2442 210 2473; x_wconf 88' lang='lat' dir='ltr'>non</span> <span class='ocrx_word' id='word_1_225' title='bbox 250 2424 428 2472; x_wconf 87' lang='lat' dir='ltr'>datur.</span> 
     </span>
    </p>
   </div>
   <div class='ocr_carea' id='block_1_5' title="bbox 99 2518 1770 3072">
    <p class='ocr_par' dir='ltr' id='par_1_5' title="bbox 99 2518 1770 3072">
     <span class='ocr_line' id='line_1_33' title="bbox 240 2518 1758 2591; baseline 0.001 -19"><span class='ocrx_word' id='word_1_226' title='bbox 240 2519 527 2588; x_wconf 77' lang='lat' dir='ltr'>Dispositio</span> <span class='ocrx_word' id='word_1_227' title='bbox 550 2522 881 2591; x_wconf 69' lang='lat' dir='ltr'>systematica</span> <span class='ocrx_word' id='word_1_228' title='bbox 916 2522 1210 2572; x_wconf 87' lang='lat' dir='ltr'>Divisiones</span> <span class='ocrx_word' id='word_1_229' title='bbox 1249 2525 1543 2591; x_wconf 80' lang='lat' dir='ltr'>specierum</span> <span class='ocrx_word' id='word_1_230' title='bbox 1579 2518 1639 2572; x_wconf 85' lang='lat'>&amp;</span> <span class='ocrx_word' id='word_1_231' title='bbox 1674 2540 1758 2574; x_wconf 88' lang='lat' dir='ltr'>su-</span> 
     </span>
     <span class='ocr_line' id='line_1_34' title="bbox 99 2588 1762 2660; baseline 0.001 -19"><span class='ocrx_word' id='word_1_232' title='bbox 99 2589 366 2657; x_wconf 80' lang='lat' dir='ltr'>periores,</span> <span class='ocrx_word' id='word_1_233' title='bbox 411 2591 622 2642; x_wconf 69' lang='lat' dir='ltr'>CLAsssss</span> <span class='ocrx_word' id='word_1_234' title='bbox 662 2588 718 2640; x_wconf 82' lang='lat'>&amp;</span> <span class='ocrx_word' id='word_1_235' title='bbox 761 2591 1018 2649; x_wconf 58' lang='lat' dir='ltr'>Cantium,</span> <span class='ocrx_word' id='word_1_236' title='bbox 1067 2592 1370 2660; x_wconf 80' lang='lat' dir='ltr'>inferiores,</span> <span class='ocrx_word' id='word_1_237' title='bbox 1413 2595 1661 2642; x_wconf 55' lang='lat' dir='ltr'>Fuimus</span> <span class='ocrx_word' id='word_1_238' title='bbox 1700 2589 1762 2643; x_wconf 84' lang='lat'>&amp;</span> 
     </span>
     <span class='ocr_line' id='line_1_35' title="bbox 101 2658 1757 2725; baseline 0.002 -18"><span class='ocrx_word' id='word_1_239' title='bbox 101 2662 314 2708; x_wconf 70' lang='lat' dir='ltr'><strong>GENERA</strong></span> <span class='ocrx_word' id='word_1_240' title='bbox 353 2660 581 2725; x_wconf 86' lang='lat' dir='ltr'>respicit.</span> <span class='ocrx_word' id='word_1_241' title='bbox 655 2661 1003 2725; x_wconf 69' lang='lat' dir='ltr'>Unaquaeque</span> <span class='ocrx_word' id='word_1_242' title='bbox 1050 2658 1241 2709; x_wconf 85' lang='lat' dir='ltr'>harum</span> <span class='ocrx_word' id='word_1_243' title='bbox 1283 2661 1631 2710; x_wconf 90' lang='lat' dir='ltr'>dichotomice</span> <span class='ocrx_word' id='word_1_244' title='bbox 1672 2662 1757 2711; x_wconf 88' lang='lat' dir='ltr'>di-</span> 
     </span>
     <span class='ocr_line' id='line_1_36' title="bbox 101 2722 1755 2796; baseline 0.002 -22"><span class='ocrx_word' id='word_1_245' title='bbox 101 2728 308 2775; x_wconf 83' lang='lat' dir='ltr'>viditur</span> <span class='ocrx_word' id='word_1_246' title='bbox 349 2728 403 2774; x_wconf 89' lang='lat' dir='ltr'>in</span> <span class='ocrx_word' id='word_1_247' title='bbox 443 2730 695 2779; x_wconf 84' lang='lat' dir='ltr'>sectiones</span> <span class='ocrx_word' id='word_1_248' title='bbox 748 2722 805 2775; x_wconf 81' lang='lat'>&amp;</span> <span class='ocrx_word' id='word_1_249' title='bbox 847 2728 1226 2792; x_wconf 83' lang='lat' dir='ltr'>subsectiones‚</span> <span class='ocrx_word' id='word_1_250' title='bbox 1279 2746 1515 2796; x_wconf 86' lang='lat' dir='ltr'>quarum</span> <span class='ocrx_word' id='word_1_251' title='bbox 1573 2739 1755 2787; x_wconf 82' lang='lat' dir='ltr'>notas,</span> 
     </span>
     <span class='ocr_line' id='line_1_37' title="bbox 103 2793 1770 2862; baseline 0.002 -19"><span class='ocrx_word' id='word_1_252' title='bbox 103 2795 422 2844; x_wconf 78' lang='lat' dir='ltr'>sufficientes</span> <span class='ocrx_word' id='word_1_253' title='bbox 474 2793 529 2845; x_wconf 72' lang='grc' dir='ltr'>δε</span> <span class='ocrx_word' id='word_1_254' title='bbox 591 2805 886 2862; x_wconf 82' lang='lat' dir='ltr'>constantes</span> <span class='ocrx_word' id='word_1_255' title='bbox 935 2813 1042 2846; x_wconf 89' lang='lat' dir='ltr'>esse</span> <span class='ocrx_word' id='word_1_256' title='bbox 1079 2807 1306 2862; x_wconf 88' lang='lat' dir='ltr'>oportet.</span> <span class='ocrx_word' id='word_1_257' title='bbox 1384 2797 1534 2846; x_wconf 88' lang='lat' dir='ltr'>Hanc</span> <span class='ocrx_word' id='word_1_258' title='bbox 1578 2808 1770 2846; x_wconf 52' lang='lat' dir='ltr'>autem*</span> 
     </span>
     <span class='ocr_line' id='line_1_38' title="bbox 103 2863 1756 2932; baseline 0.002 -24"><span class='ocrx_word' id='word_1_259' title='bbox 103 2863 415 2912; x_wconf 85' lang='lat' dir='ltr'>divisionem</span> <span class='ocrx_word' id='word_1_260' title='bbox 454 2865 861 2916; x_wconf 80' lang='lat' dir='ltr'>dichotomicam</span> <span class='ocrx_word' id='word_1_261' title='bbox 886 2867 1038 2914; x_wconf 90' lang='lat' dir='ltr'>nimis</span> <span class='ocrx_word' id='word_1_262' title='bbox 1074 2865 1255 2931; x_wconf 84' lang='lat' dir='ltr'>longe,</span> <span class='ocrx_word' id='word_1_263' title='bbox 1286 2869 1318 2915; x_wconf 92' lang='lat' dir='ltr'>i.</span> <span class='ocrx_word' id='word_1_264' title='bbox 1353 2884 1396 2917; x_wconf 86' lang='lat' dir='ltr'>e.</span> <span class='ocrx_word' id='word_1_265' title='bbox 1437 2884 1593 2932; x_wconf 90' lang='lat' dir='ltr'>quam</span> <span class='ocrx_word' id='word_1_266' title='bbox 1630 2866 1756 2931; x_wconf 83' lang='lat' dir='ltr'>plu-</span> 
     </span>
     <span class='ocr_line' id='line_1_39' title="bbox 101 2930 1748 3001; baseline 0.002 -23"><span class='ocrx_word' id='word_1_267' title='bbox 101 2931 248 2978; x_wconf 81' lang='lat' dir='ltr'>rimis</span> <span class='ocrx_word' id='word_1_268' title='bbox 287 2933 637 2984; x_wconf 81' lang='lat' dir='ltr'>divisionibus</span> <span class='ocrx_word' id='word_1_269' title='bbox 688 2930 747 2983; x_wconf 80' lang='lat'>&amp;</span> <span class='ocrx_word' id='word_1_270' title='bbox 789 2935 1024 3001; x_wconf 82' lang='lat' dir='ltr'>repetitis</span> <span class='ocrx_word' id='word_1_271' title='bbox 1079 2935 1399 2984; x_wconf 84' lang='lat' dir='ltr'>sectionibus</span> <span class='ocrx_word' id='word_1_272' title='bbox 1443 2934 1748 2995; x_wconf 80' lang='lat' dir='ltr'>extendere,</span> 
     </span>
     <span class='ocr_line' id='line_1_40' title="bbox 104 2998 1754 3072; baseline 0.003 -25"><span class='ocrx_word' id='word_1_273' title='bbox 104 2998 332 3050; x_wconf 73' lang='lat' dir='ltr'>scientiae</span> <span class='ocrx_word' id='word_1_274' title='bbox 370 3017 502 3069; x_wconf 85' lang='lat' dir='ltr'>saepe</span> <span class='ocrx_word' id='word_1_275' title='bbox 536 3005 696 3070; x_wconf 83' lang='lat' dir='ltr'>magis</span> <span class='ocrx_word' id='word_1_276' title='bbox 730 3003 911 3054; x_wconf 79' lang='lat' dir='ltr'>obesse</span> <span class='ocrx_word' id='word_1_277' title='bbox 954 3020 1114 3071; x_wconf 82' lang='lat' dir='ltr'>quam</span> <span class='ocrx_word' id='word_1_278' title='bbox 1150 3004 1395 3072; x_wconf 86' lang='lat' dir='ltr'>prodesse</span> <span class='ocrx_word' id='word_1_279' title='bbox 1438 3001 1578 3053; x_wconf 81' lang='lat' dir='ltr'>haud</span> <span class='ocrx_word' id='word_1_280' title='bbox 1616 3003 1754 3052; x_wconf 83' lang='lat' dir='ltr'>male</span> 
     </span>
    </p>
   </div>
  </div>
 </body>
</html>
