1881 3306
388 169 460 238 95

178 313 364 360 stincte
416 311 1022 372 impresso-punctatus:
1064 302 1275 370 punctis
1322 301 1680 353 crebrioribus
1718 304 1802 352 ni-

175 384 316 445 gris3
355 379 670 441 grisescens,
709 377 760 420 in
801 371 1032 420 masculo
1072 373 1242 419 antice
1281 372 1576 419 rufescens:
1616 372 1804 420 collari

174 451 356 512 mgr-03
397 448 446 491 in
486 443 672 488 semina
712 443 882 488 antice
918 440 1280 489 subalbicans:
1332 440 1665 488 cicatricibus
1700 441 1803 488 du-

175 518 307 566 abus
348 512 522 576 nigris,
564 508 837 560 Scutellum
881 508 1087 569 rusum,
1122 507 1290 554 antice
1330 514 1682 572 punctatum,
1718 509 1805 555 ni-

174 594 345 649 grum.
423 578 684 630 Abdomen
715 580 871 627 dorso
908 578 1137 640 nigrum.
1211 573 1404 641 Elytra
1440 573 1634 641 pallide
1691 575 1804 641 gri-

174 669 280 707 sea,
318 667 409 699 seu
447 647 699 708 subrufa,
736 644 1037 712 pellucida,
1070 643 1255 699 nitida,
1296 643 1520 708 glabra3
1562 645 1615 691 in
1653 651 1804 711 parte

171 719 414 768 interiori
461 716 608 763 lincis
644 733 672 763 2
711 717 980 780 strigaque
1019 716 1069 762 in
1109 712 1279 761 medio
1315 712 1481 779 partis
1527 711 1805 760 exterioris

174 784 546 850 longitudinaii
593 801 618 831 e
668 784 874 849 punctis
925 781 1189 848 impressis
1236 789 1430 829 notata.
1495 778 1808 828 Membrana

173 854 535 905 immaculata.
568 849 761 916 Corpus
795 850 980 899 subtus
1015 848 1303 914 nigricans:
1349 853 1561 915 pectore
1586 849 1806 914 impres-

172 929 542 990 ,so-punctato,
581 921 845 968 albicante
873 936 912 966 s.
947 917 1386 978 rufo-maculato,
1423 914 1632 964 laminis
1669 924 1806 964 ster-

172 994 230 1044 ni
267 990 588 1040 transversis·
617 987 931 1047 albissimis3
966 993 1148 1033 ventre
1183 984 1514 1033 subsericeo:
1568 999 1808 1048 segmen-

172 1064 239 1110 tis
270 1062 414 1126 apice
456 1074 665 1122 auoque
704 1056 862 1114 rufis3
915 1051 1408 1119 spiraculis'nigriS.
1463 1050 1622 1100 Pedes
1664 1048 1810 1099 ruso-

174 1130 507 1186 lutescentes,
544 1126 699 1174 nudi:
737 1120 966 1172 articulo
1005 1131 1270 1170 tan-sorum
1308 1120 1496 1170 ultimo
1524 1122 1692 1185 nigro.

313 1265 405 1317 No
425 1270 461 1313 t.
504 1263 825 1313 Pam-issima
860 1259 1085 1309 vidimus
1129 1259 1438 1317 individua,
1479 1263 1531 1305 et
1569 1257 1678 1306 haec
1717 1274 1809 1306 ex·-

177 1338 384 1387 siccata.
423 1334 664 1381 Forsitan
704 1329 927 1397 Lygaeus
954 1327 1156 1379 Resedae
1182 1328 1355 1377 Wolff
1371 1338 1423 1376 et
1463 1326 1662 1374 Panzer
1689 1343 1809 1375 cum

175 1406 277 1455 hac
316 1411 493 1453 nostra
535 1400 589 1452 P.
624 1399 918 1467 puncticolli
966 1398 1181 1446 eandem
1220 1396 1496 1445 constituit
1540 1394 1806 1462 speciem?

184 1620 262 1678 38
309 1618 378 1674 Ρ.
427 1613 818 1688 tripustulatus
892 1610 1060 1688 niger
1108 1604 1370 1668 nitidus:
1426 1605 1621 1684 capite
1673 1623 1812 1661 scu-

298 1730 311 1735 -
355 1696 500 1756 tello
560 1694 930 1773 maculisque
986 1690 1180 1749 tribus
1231 1700 1572 1770 etytrorum
1617 1685 1809 1746 ssavis.

315 1848 453 1917 Lyg.
495 1845 860 1913 tripustulatus
903 1844 1064 1893 Fun.
1102 1840 1309 1908 Rhyng.
1351 1844 1466 1910 239.
1514 1838 1622 1889 182.
1677 1838 1808 1890 Eur.

180 1938 318 2003 Syst.
359 1934 407 1994 4.
455 1930 565 1996 176.
616 1928 722 1989 145.

316 2015 430 2080 Mis
475 2023 532 2076 &
568 2027 701 2076 Fem-
740 2020 953 2072 similes,
996 2023 1054 2070 In
1095 2014 1298 2070 Urticis'
1318 2026 1368 2068 et
1390 2020 1442 2068 in
1478 2018 1703 2071 Humulo
1727 2027 1808 2068 sat

182 2107 430 2168 frequens
468 2105 711 2146 versatur
739 2094 847 2142 haec
879 2091 1103 2158 species,
1140 2084 1227 2136 Ph.
1259 2086 1568 2154 flavo-varii
1604 2082 1809 2153 magni—

181 2173 382 2222 tudine.
448 2165 639 2230 Corpus
678 2162 917 2226 nigrum,
973 2159 1214 2209 nitidum.
1292 2153 1450 2222 Caput
1487 2163 1720 2206 antenna?
1755 2163 1810 2203 et

174 2241 331 2310 pedes
367 2238 517 2301 nigro
556 2230 796 2298 flavoque
847 2228 1125 2288 variegata.
1173 2223 1382 2275 Thorax
1417 2226 1612 2286 varius,
1652 2226 1807 2290 saepi-

175 2328 241 2357 ·ns
278 2308 446 2356 antice
474 2312 524 2350 et
563 2301 752 2348 lineola
795 2298 962 2344 media
988 2293 1168 2343 ssavus.
1243 2292 1515 2343 Scutellum
1559 2294 1807 2342 cordato-

185 2377 398 2425 ssavum.
473 2371 669 2436 Elytra
710 2365 927 2416 maculis
973 2363 1143 2411 tribus
1188 2363 1236 2408 in
1286 2362 1519 2424 margine
1557 2359 1807 2409 exteriori

183 2446 330 2495 flavis
366 2451 574 2491 notata:
614 2446 809 2506 puncto
853 2430 1116 2480 terminali
1151 2432 1314 2495 nigro·
1390 2430 1699 2479 Membrana
1720 2429 1806 2476 in-
1862 2455 1866 2458 ·

183 2515 403 2562 fuscata.
447 2510 596 2560 Tibioe
637 2505 973 2571 subspinosae.

326 2648 412 2702 Va
428 2664 472 2701 r,
507 2648 562 2716 ῥ’.
598 2643 728 2692 ἙΕΜ.
773 2639 942 2706 capite
980 2638 1330 2702 antennisque
1370 2634 1548 2697 ssavis3
1591 2635 1805 2683 thorace

184 2720 476 2786 clyti-isque
514 2711 860 2763 immaculatis
887 2708 1047 2772 nigris
1073 2714 1271 2773 puncto
1296 2712 1415 2754 ante
1447 2704 1807 2752 membranam

187 2790 361 2847 ssav03
397 2788 654 2833 ternorum
699 2781 809 2829 basi
853 2780 1019 2843 nigra,
1061 2776 1207 2842 apice
1248 2777 1395 2840 nigro
1433 2781 1707 2841 punctabto.
1742 2797 1806 2824 :v

186 2858 233 2905 E
268 2854 589 2914 Finlandia3
639 2851 704 2897 D.
746 2849 1024 2896 SAHLBERG.

324 2992 416 3043 No
433 2997 468 3043 t.
509 2991 724 3041 Pictura
766 2983 900 3035 flava
936 2984 990 3033 in
1028 2980 1382 3034 rufo-luteam
1432 2972 1551 3050 post
1587 2982 1809 3028 mortem

185 3063 312 3112 abii.
