1881 3306
450 775 1335 839 HYDROCORIDE-S.

76 999 445 1152 Rostrum
466 1092 680 1172 capitis
725 1092 881 1172 apici
911 1092 1222 1150 insertum.

76 1192 358 1249 Antennoe
404 1188 797 1258 brevissimae3
842 1189 953 1248 sub
998 1190 1194 1269 capite
1238 1187 1563 1246 latitantes.

75 1290 390 1369 Hemelytra
433 1290 734 1346 coriacea:
783 1287 1137 1346 membrana
1182 1307 1451 1356 nervosa,
1502 1286 1712 1346 decus⁴

242 1373 421 1430 satim
469 1373 769 1453 imposita.

88 1471 252 1529 Tarsi
303 1481 462 1536 1--2
512 1469 834 1528 articulati.
923 1468 1109 1529 Cauda
1152 1467 1377 1539 biseta,
1426 1468 1715 1551 elongata.

217 1631 410 1701 Corpus
442 1653 717 1702 magnum,
755 1635 1060 1702 depressum
1085 1669 1100 1693 ,
1153 1633 1389 1701 planum,
1428 1643 1520 1682 aut
1563 1635 1713 1685 elon-

77 1714 286 1769 gatum,
325 1703 535 1752 lineare.
611 1702 770 1770 Caput
812 1721 1064 1769 parvum,
1125 1703 1501 1751 rotundatum:
1546 1704 1716 1757 Oculis

76 1766 407 1842 prominulls,
433 1771 675 1836 globosis.
704 1771 946 1822 Rostrum
976 1772 1154 1830 breve,
1180 1787 1426 1837 pungens,
1466 1772 1717 1825 Antennae

76 1844 319 1899 minutae,
358 1842 459 1889 sub
488 1837 658 1907 capite
692 1842 896 1888 insertae
930 1842 1227 1890 reconditae.
1272 1836 1478 1889 Thorax
1516 1844 1714 1908 postice

75 1909 260 1979 paullo
299 1909 471 1969 latior,
496 1912 665 1958 antice
705 1928 802 1977 pro
841 1916 1138 1975 receptione
1170 1908 1357 1973 capitis
1399 1907 1505 1957 late
1547 1927 1715 1959 emar-

75 1981 302 2043 ginatus.
378 1976 650 2028 Scutellum
703 1977 1050 2040 triangulare.
1097 1976 1399 2041 Hemelytra
1442 1980 1712 2042 coriacea‚

74 2046 249 2114 plana.
326 2045 626 2108 Membrana
678 2047 989 2096 decussatim
1033 2048 1303 2112 imposita,
1346 2045 1425 2093 vel
1484 2049 1712 2098 striatim

73 2113 156 2163 vel
214 2115 536 2164 reticulatim
579 2131 811 2163 nervosa.
891 2115 1004 2165 Alae
1037 2116 1239 2180 amplae.
1315 2111 1575 2165 Abdomen
1618 2116 1711 2164 de-

73 2199 313 2250 pressum
340 2204 353 2231 ·.
404 2189 582 2232 carina
627 2182 851 2231 ventrali
892 2182 1281 2247 longitudinali.
1360 2181 1531 2233 Cauda
1572 2184 1713 2232 bise-

77 2261 130 2299 ta
172 2251 404 2298 canalem
445 2252 675 2300 formans
719 2252 1118 2317 respiratorium
1159 2270 1291 2318 saepe
1331 2250 1705 2315 longissimum.

73 2318 229 2369 Pedes
264 2322 421 2368 antici
464 2320 818 2386 prehensiles:
866 2336 1040 2383 ungue
1077 2322 1319 2388 simplici.
1401 2320 1547 2371 Tibioe
1582 2322 1712 2370 sub-

72 2395 159 2434 tus
213 2389 496 2448 (interdum
550 2405 766 2455 quoque
812 2387 1047 2458 femora)
1084 2389 1470 2450 canaliculata,
1517 2390 1710 2439 ciliata.

76 2455 229 2507 Tarsi
273 2474 398 2505 1-2
438 2456 739 2506 articulatiz
780 2474 953 2523 ungue
993 2461 1318 2524 posticorum
1357 2457 1574 2525 duplici.

164 2595 173 2600 ’
213 2592 400 2646 Vzvunt
440 2597 489 2642 in
536 2596 687 2663 aquis
729 2611 757 2643 e
796 2595 980 2663 rapina
1005 2631 1018 2656 ,
1075 2596 1130 2644 in
1170 2596 1444 2666 propriam
1486 2597 1711 2663 speciem

74 2663 338 2712 interdum
378 2667 660 2714 saevientes.

212 2801 388 2852 Motus
433 2805 627 2853 tardus.
674 2803 886 2855 Volatus
929 2811 1238 2855 nocturnus.

212 2923 525 2997 Dzffizrentia
564 2927 735 2982 Sexus
776 2930 923 2979 latet.

210 3051 398 3106 Larvoe
436 3072 464 3105 e
497 3061 769 3106 structura
806 3056 1101 3124 Imagiuum
1138 3071 1258 3107 mox
1300 3056 1533 3124 cognitae.
