1881 3306
325 126 394 189 64

121 265 182 324 ὅτ
219 277 473 336 praeterea
501 271 698 331 puncta
736 262 841 311 duo
875 260 1080 308 minuta
1117 260 1167 307 in
1193 258 1337 306 disco
1362 253 1570 303 scutelli
1594 256 1765 302 inter-

122 341 249 388 dum
287 338 494 385 adsunt.
542 334 599 380 In
629 329 881 378 Betuletis
921 332 1086 394 pratis
1115 325 1345 393 Gyllebo
1383 324 1554 370 rarior
1591 320 1774 382 obvia,

122 426 233 457 una
269 422 390 455 cum
422 402 606 451 ceteris
644 399 1024 464 varietatibus,
1067 400 1120 447 in
1155 394 1345 463 copula
1384 408 1503 441 cum
1549 390 1675 442 Var.
1722 416 1770 442 α.

123 475 366 529 Mascula
405 467 750 536 deprehensa.

148 571 195 624 Ο
260 571 384 625 Var.
453 568 494 631 ζ.
549 565 681 616 Fem.
723 581 883 630 supra
919 571 1156 611 saturate
1208 557 1779 621 brunneo-nigricans‚
1825 574 1829 577 ¹

126 644 298 695 antice
330 639 594 688 interdum
635 633 871 682 dilutior.

259 739 508 787 Varietas
544 735 651 782 haec
683 732 839 798 plane
878 727 1158 793 singularis
1207 722 1266 775 &
1302 727 1410 774 fere
1445 734 1558 775 tota
1591 726 1778 790 nigra,

128 812 317 872 clyti-is
352 807 439 853 vix
476 801 785 870 pellucidis,
820 816 846 846 e
877 797 1251 862 Vestrogothia
1295 814 1323 844 a
1358 796 1421 844 D.
1461 794 1783 862 Gyssenhal,

127 900 157 930 e
186 871 477 929 ‘Finlandia
515 892 543 920 a
586 873 650 919 D,
691 868 950 930 Sahlberg
1005 866 1280 916 nobiscum
1337 862 1593 915 benevole
1631 882 1778 914 com-

127 949 399 1000 municata
415 980 428 1006 7
451 957 655 1007 semper
691 936 951 986 feminea?

271 1043 362 1091 Hae
412 1040 691 1087 varietates
729 1034 961 1082 feminea:
998 1035 1275 1099 saepissime
1311 1033 1450 1080 inter
1489 1050 1541 1081 se
1587 1047 1784 1080 conve-

130 1118 321 1166 niunt:
394 1108 608 1157 thorace
661 1099 718 1152 &
771 1100 993 1152 scutello
1043 1120 1146 1150 non
1204 1103 1399 1168 pictis,
1466 1103 1785 1166 punctisque

132 1180 455 1235 frontalibus
496 1191 627 1241 saepe
678 1174 839 1236 magis
888 1169 1168 1233 obsoletis,
1209 1187 1369 1236 quam
1408 1173 1460 1219 in
1497 1168 1786 1217 individuis

132 1248 396 1302 masculis.
438 1247 496 1293 In
535 1246 719 1292 variet.
760 1258 819 1300 a,
856 1238 1138 1290 scutellum
1175 1242 1340 1298 vitta,
1384 1244 1463 1303 (ut
1499 1241 1551 1286 in
1589 1243 1789 1301 mare),

133 1321 310 1371 media
368 1315 505 1375 lata,
580 1314 701 1362 licet
755 1309 1093 1370 obsoletiori,
1168 1309 1487 1375 plerumque
1535 1315 1787 1356 notatur:

133 1389 376 1458 punctis,
427 1401 454 1430 2
495 1385 716 1431 minutis
765 1379 938 1426 fuscis.
1020 1377 1139 1427 Haec
1177 1388 1356 1427 autem
1395 1379 1529 1426 vitta
1568 1376 1788 1440 reliquis

135 1452 487 1506 varietatibus
522 1450 604 1498 vel
645 1452 788 1498 deest
827 1447 908 1495 vel
942 1445 1176 1495 obsolete
1215 1447 1376 1496 adest.
1452 1448 1661 1497 Puncta
1704 1452 1790 1492 ta-

135 1543 257 1576 men
293 1541 321 1570 2
361 1521 565 1567 minuta
604 1519 713 1565 fere
752 1531 958 1580 semper
990 1515 1200 1564 adsunt.

288 1616 509 1667 Nullum
540 1624 616 1662 est
647 1614 903 1672 dubium,
957 1613 1086 1677 quin
1128 1613 1205 1660 hae
1243 1616 1527 1662 varietates
1579 1606 1639 1660 &
1675 1630 1793 1663 ma-

140 1687 299 1742 sculae
339 1681 395 1732 &
435 1682 667 1729 semineae
719 1697 879 1727 unam
918 1678 1269 1744 eandemque
1310 1684 1636 1731 constituant
1675 1680 1791 1746 spe4

143 1763 277 1810 ciem
315 1751 615 1818 genuinam.
688 1749 900 1797 Etenim
945 1745 1213 1796 simillima
1251 1766 1437 1799 earum
1489 1757 1566 1798 est
1602 1752 1794 1816 capitis

145 1833 461 1881 Structum3
507 1818 664 1867 simul
702 1817 1045 1878 cohabitant,
1097 1834 1290 1882 easque
1344 1835 1520 1868 omnes
1568 1822 1797 1887 (praeter

143 1896 315 1945 variet
354 1890 389 1954 ζ
412 1893 465 1939 in
501 1887 692 1955 copula
727 1885 996 1934 multoties
1037 1885 1452 1937 observavimus.

298 1989 531 2041 Multum
565 2003 684 2034 sane
723 1987 975 2044 interest,
1018 1990 1266 2031 naturam
1307 1985 1482 2032 vivam
1535 1987 1798 2048 scrutari,

147 2081 244 2113 nec
279 2079 378 2129 pro
416 2056 586 2123 speeie
627 2058 725 2103 rite
764 2052 1160 2102 determinanda
1202 2047 1260 2098 &
1302 2052 1618 2102 stabilienda
1644 2054 1798 2102 suffi-

150 2140 224 2189 cit
262 2146 422 2179 unum
473 2124 764 2172 alterumve
791 2121 1156 2184 individuum,
1191 2125 1242 2171 in
1284 2122 1436 2172 theca
1475 2123 1798 2172 insectorum

152 2203 506 2257 exsiccatum,
553 2200 922 2256 corrugatum,
975 2185 1030 2238 &
1079 2190 1255 2252 forsan
1295 2193 1386 2241 diu
1425 2191 1760 2240 adservatum
1786 2227 1803 2250 ‚

155 2274 346 2325 amisso
395 2264 569 2314 colore
629 2263 750 2310 vivo
804 2255 861 2308 &
923 2259 1186 2319 naturali,
1243 2260 1541 2309 differentia
1586 2266 1808 2326 quoque

157 2335 357 2393 sexuali
406 2342 502 2382 aut
551 2332 899 2400 praetermissa
950 2336 1044 2376 aut
1098 2330 1378 2393 incognita.
1455 2328 1582 2376 Inde
1635 2329 1802 2392 igitur

157 2421 276 2463 orta
328 2415 404 2455 est
463 2419 654 2467 magna
706 2399 1000 2467 specierum
1041 2397 1359 2462 multitudo,
1426 2396 1632 2450 nullius
1693 2396 1803 2447 fere

157 2479 319 2550 pretii
348 2473 665 2524 aestimanda.
1413 2461 1417 2464 ”

161 2644 365 2705 ULopA
422 2635 604 2714 Caput
644 2631 1473 2700 horizontaliterexsertum,
1541 2633 1808 2710 inaequa-

350 2725 436 2794 le,
509 2722 779 2802 margine
825 2729 1107 2776 retusum.
1202 2719 1366 2776 Tibiae
1428 2714 1803 2776 submutieae⁴

302 2867 439 2916 Sunt
482 2862 596 2911 duae
632 2860 852 2929 species,
899 2875 1013 2925 quae
1072 2866 1314 2923 respectu
1364 2864 1643 2906 structurae
1679 2854 1806 2901 tho—

172 2936 303 2986 racis
342 2933 655 2998 scutellique
693 2931 757 2978 ad
800 2930 975 2977 Genus
1033 2924 1271 2977 Cicadam
1311 2945 1476 2994 prope
1515 2923 1797 2983 accedunt,

169 3022 264 3057 nec
299 3006 472 3073 primo
527 3001 728 3052 intuitu
775 2998 844 3050 ab
878 2995 992 3054 Isso
1046 2996 1198 3068 lenge
1243 2997 1486 3048 recedere
1525 2993 1810 3053 videntum
