1881 3306
1485 163 1553 215 65

122 301 352 354 medium
418 298 555 346 inter
614 297 722 349 haec
773 315 959 384 geflffffl
1010 303 1156 366 quasi
1223 310 1472 353 tenentes.
1555 305 1754 357 Tamen

125 368 389 423 differunt.
464 367 638 434 Caput
697 371 833 416 enim
889 367 1343 451 Cicadgp-aequale,
1402 375 1634 441 margine
1668 378 1756 424 in-

124 450 366 506 tegrum,
431 438 487 484 in
529 436 797 502 speciebus
836 440 1024 493 nostris
1066 437 1234 506 Ulopoe
1274 441 1560 508 inaequale,
1618 443 1759 492 fove·

124 514 223 563 olis
269 506 465 557 scilicet
521 503 604 553 vel
655 507 1042 570 emarginatura
1104 510 1155 556 in
1196 512 1343 576 apice
1384 513 1573 562 frontis
1605 521 1756 562 retu..

125 598 257 631 sum.
334 604 400 614 -—·
460 576 515 622 In
567 573 734 622 altera
782 576 949 640 specie
1000 582 1149 642 caput
1199 582 1370 628 antice
1400 580 1757 652 foveolatum,

123 647 357 712 margine
401 659 606 693 sursum
649 642 889 704 eleva103
920 646 969 692 in
1011 645 1180 712 altera
1213 647 1635 714 planiusculum,
1673 652 1761 708 di...

124 720 381 775 latatum,
447 712 618 759 antice
665 719 1029 762 attenuatum:
1092 718 1326 783 margine
1372 728 1545 769 tamen
1583 728 1761 779 antico

123 783 470 847 emaiginato,
517 779 780 846 inaequali.
861 779 1055 850 Corpus
1106 801 1345 848 parvum.
1418 787 1612 854 Elytra
1644 795 1762 846 for..

125 858 329 914 nicata‚
397 849 757 911 subeon-iacea‚
821 850 1290 904 elevato-nervosa.
1363 857 1521 909 Pedes
1572 863 1761 915 validi:

124 923 273 973 tibiis
322 919 406 968 vel
448 917 704 966 levissime
753 913 809 966 &
861 921 947 969 vix
997 922 1275 987 conspicue
1319 926 1633 994 spinulosis,
1675 935 1762 984 vel

124 995 272 1060 spina
318 990 473 1036 unica
510 988 859 1036 minutissima
902 990 1188 1040 instructis.
1263 992 1448 1046 Victus
1501 1015 1764 1065 congene-

120 1078 256 1110 rum.
330 1056 516 1108 Larvae
557 1050 614 1104 ὅτ
652 1055 914 1123 Imagines
951 1060 1002 1106 in
1041 1057 1167 1108 locis
1209 1063 1500 1129 sterilibus,
1545 1068 1599 1116 in
1636 1087 1761 1138 gra-

121 1132 261 1179 mine
298 1123 489 1176 humili
522 1125 761 1192 inprimis
801 1135 1093 1176 versantur.

135 1338 182 1377 1.
273 1317 346 1376 U.
393 1314 608 1371 Scamca
677 1313 872 1393 capite
923 1314 1236 1393 inaequali,
1299 1321 1496 1380 fronte
1542 1328 1766 1408 margi-

296 1410 464 1465 nata,
533 1409 668 1456 ante
714 1397 912 1456 oculos
981 1413 1261 1461 excavata
1311 1405 1764 1493 elytrorumque

302 1495 508 1542 sutura
553 1483 1070 1562 fusco-punctatis.

134 1592 450 1686 Χ“””“’·ᾕ’Οὲιῑαιίιζ
488 1620 705 1693 Εζαηίεα
741 1622 856 1671 Act.
896 1621 1069 1672 Holm.
1114 1623 1255 1675 1806·
1286 1643 1400 1696 Pag·
1447 1636 1559 1685 ¹¹3·

260 1747 387 1797 Mas
423 1743 481 1795 &
519 1746 652 1797 Fem.
701 1745 875 1795 colore
932 1748 1223 1800 dissimiles,
1298 1757 1356 1803 ln
1393 1759 1531 1806 arvis
1572 1760 1771 1815 Scaniae

125 1822 404 1881 frequens,
453 1817 506 1864 in
542 1816 780 1883 Espero'd
821 1833 995 1866 mense
1034 1820 1273 1882 Augusto
1318 1823 1467 1890 longe
1511 1826 1770 1896 frequen-

123 1893 341 1940 tissima.
414 1912 483 1924 —-
557 1887 763 1949 Longit.
822 1893 896 1954 ¹⁸}-
942 1885 1030 1934 lin.
1104 1889 1287 1940 Pulice
1347 1897 1529 1958 paullo
1581 1903 1767 1966 major.

121 1961 377 2010 Antennae
416 1957 515 2005 sub
553 1953 716 2004 oculis
758 1955 987 2015 insertae,
1049 1965 1199 2006 extus
1233 1960 1527 2029 capillares.
1610 1968 1770 2020 Oculi

125 2024 277 2096 parvi
317 2027 528 2073 exserti.
608 2024 781 2090 Caput
815 2024 869 2070 in
907 2024 1159 2091 angulum
1199 2032 1369 2079 antice
1403 2052 1593 2100 parum
1647 2056 1773 2103 pro-

125 2097 321 2152 minet,
379 2095 633 2160 utrinque
680 2096 731 2142 in
771 2095 1004 2159 margine
1043 2096 1229 2147 frontis
1286 2099 1510 2168 oblonge
1550 2121 1775 2155 excava-

121 2173 266 2217 tum,
331 2160 528 2211 ‘subtus
565 2172 803 2211 retusum
866 2179 904 2210 s.
964 2163 1304 2216 foveolatum.
1382 2174 1497 2238 Ipse
1556 2193 1772 2241 quoque

125 2247 310 2295 margo
345 2231 550 2280 anticus
580 2249 786 2280 sur‘um
823 2228 1054 2281 elevatus
1079 2269 1093 2294 ,
1121 2237 1368 2304 (saepius)
1404 2240 1773 2292 fusco-macu-

124 2300 287 2349 latus.
354 2297 570 2350 Thorax
603 2303 771 2368 capite
804 2300 970 2366 duplo
1008 2301 1244 2368 longior,
1288 2309 1618 2374 reniformis‚
1652 2315 1775 2368 sub·

126 2368 367 2417 tilissime
399 2368 802 2434 'punctulatus,
872 2372 1056 2434 capitis
1098 2373 1394 2427 latitudine.
1476 2379 1774 2434 Scutellum

123 2435 422 2497 minutum,
480 2437 823 2503 triangulare.
902 2438 1092 2506 Elytra
1142 2442 1369 2509 deflexa,
1430 2450 1603 2498 antice.
1638 2451 1770 2500 sub·

126 2503 470 2571 punctulata‚
524 2508 721 2575 postice
755 2509 917 2572 magis
971 2509 1265 2575 pellucida:
1340 2519 1513 2566 nervis
1557 2519 1773 2572 elevatis

124 2571 460 2624 fuscioribus.
534 2578 591 2624 In
629 2576 741 2642 ipsa
782 2586 966 2625 sutura
1003 2578 1193 2628 adsunt
1230 2583 1446 2634 maculae
1497 2605 1534 2635 s.
1568 2587 1774 2640 lineolae

126 2644 345 2692 minutae
384 2648 476 2695 2—3
513 2646 697 2708 nigrae,
779 2662 932 2710 quae,
987 2648 1066 2694 uti
1117 2644 1174 2698 ὅ(
1234 2662 1432 2717 puncta
1473 2658 1663 2723 capitis
1717 2661 1774 2709 in

127 2711 359 2758 mortuis
414 2730 547 2780 saepe
585 2721 824 2778 pei-eunt.
902 2714 1011 2766 Alae
1063 2718 1347 2785 completae.
1424 2724 1628 2790 Corpus
1684 2736 1774 2776 to-

127 2787 241 2825 tum
277 2780 462 2830 subtus
501 2777 560 2829 &
602 2797 759 2845 supra
800 2778 1223 2851 ssavo-griseum:
1277 2790 1555 2842 abdomine
1601 2795 1773 2845 inter-

132 2845 260 2894 dum
303 2847 548 2912 fusciori‚
598 2852 925 2918 pedibusque
978 2855 1362 2908 concolorihus.
1440 2861 1671 2928 Spinulae
1698 2868 1773 2914 ti-

130 2913 346 2966 biarum
385 2919 771 2977 minutissimae,
811 2939 905 2971 nec
942 2923 1039 2972 nisi
1075 2926 1230 2974 oculo
1263 2939 1466 2980 armato
1505 2933 1558 2980 in
1602 2936 1776 3002 posti-

132 2984 207 3034 cis
243 3002 435 3053 parum
472 2990 778 3058 conspicuae.
855 2992 1000 3049 Anus
1039 3009 1141 3046 non
1168 2995 1380 3063 pilosus.

1537 3087 1575 3137 9.
