1881 3306
344 172 412 229 58

135 312 297 379 elytri
344 308 609 358 interdum
662 292 881 372 oblique
938 322 1044 356 sese
1094 302 1344 354 extendit.
1423 301 1544 351 Haec
1604 310 1782 351 autem

136 384 270 431 vitta
323 392 594 443 purpurea
673 376 727 420 in
785 384 928 424 certo
999 374 1213 423 luminis
1271 375 1374 420 situ
1432 373 1780 420 aureo-nitet.

135 448 413 501 Abdomen
450 442 484 490 l.
528 440 755 505 flavum,
793 441 825 492 l.
869 444 1026 493 dorso
1063 445 1290 506 nigrum.
1373 438 1536 488 Pedes
1572 437 1710 488 ssavi.

230 557 407 624 Var.
444 568 623 638 junior
651 585 688 616 s.
728 583 900 638 nuper
941 567 1176 619 exclusa:
1234 566 1423 634 elytris
1456 566 1580 613 totis
1622 561 1785 615 flavis.

140 797 331 859 JAsSUs
417 791 631 869 Corpus
706 788 1050 868 oblongum.
1137 787 1316 864 Caput
1388 782 1788 842 declinatum:

317 878 545 937 vertice
589 876 980 933 transversim
1028 868 1614 952 angustato-lineari,
1656 865 1792 924 tho-

311 962 465 1020 racis
517 958 856 1018 latitudine.
950 959 1113 1015 Tibiae
1157 956 1401 1036 posticae
1449 953 1628 1012 dense
1672 950 1794 1030 spi-

308 1044 554 1104 nulosae.

224 1199 242 1209 ²
297 1184 469 1251 Typus
521 1181 680 1246 hujus
718 1181 961 1242 GeneriS,
1025 1177 1208 1231 Cicada
1260 1178 1394 1228 lanio
1443 1177 1595 1226 Linn.
1651 1171 1794 1240 apud

141 1273 236 1306 nos
266 1253 408 1301 inter
447 1253 670 1316 majores
721 1250 1052 1298 numeranda
1092 1255 1170 1297 est
1207 1249 1418 1313 species.
1468 1272 1534 1285 --
1607 1244 1796 1292 Notaui

140 1325 303 1392 hujus
364 1321 583 1370 Generis
647 1337 677 1366 a
741 1318 996 1383 singulari
1040 1316 1270 1384 quadam
1307 1325 1575 1365 structura
1631 1312 1794 1359 totius

142 1393 330 1460 capitis
393 1396 541 1452 (non
585 1388 653 1436 ab
692 1385 875 1451 aliqua
913 1388 1024 1453 ejus
1060 1389 1242 1452 parte)
1299 1385 1590 1450 praesertim
1644 1394 1797 1426 assu-

143 1477 287 1512 mere
326 1465 551 1526 oportet.
626 1456 836 1503 Etenim
892 1473 922 1503 a
972 1458 1175 1503 Genere
1227 1450 1440 1513 Cicada,
1501 1453 1586 1500 cui
1642 1445 1798 1495 valde

146 1531 329 1579 affines
383 1534 506 1577 sunt
546 1523 707 1592 Q‘Jassi
743 1523 978 1586 Species,
1036 1538 1153 1569 mox
1204 1521 1550 1569 discernitur:
1624 1516 1798 1580 capite

143 1613 328 1647 versus
366 1603 549 1662 pectus
586 1592 737 1640 valde
776 1589 1043 1639 declinato
1073 1583 1132 1636 &
1167 1587 1634 1654 perpendiculari,
1676 1598 1800 1630 ver-

144 1670 356 1729 ticeque
393 1661 735 1710 transversim
774 1660 1068 1719 angustiori
1111 1652 1166 1704 &
1209 1657 1412 1704 lineari.
1489 1656 1665 1722 Caput
1700 1664 1801 1698 au-

144 1743 254 1783 tem
295 1727 598 1780 Cicadarum
632 1725 797 1788 magis
835 1733 1142 1787 porrectum
1180 1717 1236 1768 &
1281 1723 1636 1771 horizontale:
1677 1731 1801 1769 ver-‘-

145 1805 248 1852 tice
297 1798 492 1848 latiori.
569 1795 834 1843 Praeterea
871 1800 1074 1839 statura
1113 1792 1354 1857 corporis
1401 1792 1473 1851 (in
1512 1789 1801 1838 individuis

147 1889 182 1922 a
220 1869 369 1918 nobis
406 1864 680 1925 lustratis)
730 1876 932 1924 semper
985 1859 1211 1923 oblonga
1276 1852 1334 1906 &
1391 1852 1800 1924 subcylindrica,

149 1967 218 1982 —
293 1934 503 1988 Thorax
545 1929 775 1998 (Collare
809 1928 994 1993 GERM.)
1034 1929 1175 1980 haud
1208 1928 1363 1976 aliter
1400 1936 1559 1993 atque
1597 1929 1646 1974 in
1688 1924 1802 1993 qui-

151 2008 377 2060 busdam
416 2002 651 2063 Cicadis,
691 2002 1144 2060 integumentum,
1183 2014 1212 2044 a
1248 2012 1467 2061 corpore
1502 1996 1807 2061 subjacente

154 2077 306 2143 quasi
361 2074 589 2123 liberum
649 2065 708 2116 ὅτ
750 2063 1015 2114 elevatum
1061 2067 1411 2125 constituens,
1465 2063 1807 2112 transversim

153 2142 424 2194 interdum
463 2140 572 2187 fere
607 2134 805 2196 ovalis,
850 2130 909 2183 ὅτ
962 2135 1240 2202 hyalinus:
1276 2132 1499 2180 scutello
1535 2139 1807 2180 transver-

153 2215 251 2263 sim
288 2213 428 2261 linea
465 2210 736 2272 impresso.
780 2229 842 2239 —
882 2203 1038 2255 Pedes
1082 2200 1372 2266 simplices:
1405 2201 1580 2262 tibiis,
1634 2198 1807 2264 inpri—

155 2286 253 2330 mis
289 2281 537 2346 posticiS‚
588 2275 780 2323 crebro
828 2273 1124 2340 spinulosis.
1175 2295 1244 2309 —-
1288 2267 1576 2321 Stemmata
1602 2266 1810 2335 >capitis

159 2349 354 2414 (ocelli)
393 2343 675 2404 frontalia,
713 2358 809 2391 nec
845 2340 1131 2392 verticalia.

301 2472 483 2522 Nullas
534 2473 698 2536 igitur
736 2470 790 2517 in
826 2469 1028 2517 Genere
1080 2464 1255 2533 &asso
1303 2465 1651 2515 admittendas
1703 2475 1810 2508 esse

163 2546 395 2612 species,
434 2558 548 2607 quae
594 2539 729 2606 Typo
759 2537 971 2588 Generis
1007 2538 1219 2585 minime
1259 2536 1636 2602 respondeant,
1687 2527 1811 2577 faci-

163 2615 213 2663 le
249 2610 474 2675 intelligi
511 2616 700 2675 potest.
757 2635 825 2645 —-
874 2608 1092 2654 Brevem
1128 2621 1340 2671 quoque
1383 2603 1644 2666 simulque
1682 2612 1811 2645 con·
1851 2651 1856 2655 ¹

166 2689 393 2732 stantem
428 2680 783 2727 characterem
824 2676 1072 2734 Generis,
1120 2679 1232 2734 (nec
1270 2691 1300 2722 a
1333 2688 1522 2737 magna
1563 2675 1813 2715 notarum

164 2752 407 2814 congerie
447 2745 783 2807 labefactam)
839 2744 1031 2807 eligere
1063 2752 1288 2808 praestat.
1364 2741 1449 2787 Sic
1496 2739 1621 2787 situs
1654 2742 1810 2782 stem-

165 2826 398 2879 matum,
458 2819 530 2865 sic
589 2812 809 2862 directio
867 2828 1151 2862 nervorum
1209 2811 1506 2876 elytrorum
1578 2806 1631 2852 in
1698 2808 1812 2848 tota

167 2884 567 2933 Cicadariarum
632 2881 859 2946 Familia
919 2881 1006 2930 vix
1081 2879 1373 2944 quidquam
1443 2875 1633 2924 valent.
1708 2868 1812 2918 Et-

169 2955 307 3001 enim
345 2955 575 3020 parvitas
608 2949 848 3016 plurium
893 2948 1285 2999 individuorum
1318 2939 1812 3010 contemplationem

171 3018 364 3068 harum
414 3036 594 3069 rerum
643 3020 752 3067 sine
805 3021 1029 3069 maxima
1068 3016 1310 3066 molestia
1363 3032 1468 3065 non
1519 3005 1810 3081 permittit,
