1881 3306
468 886 1327 982 “TETTIGONIDES

114 1099 337 1255 Gzput
379 1188 570 1238 rostro
610 1179 722 1240 sub
766 1175 923 1239 collo
961 1179 1210 1253 inflexo3
1254 1184 1453 1243 fronte
1500 1185 1747 1267 gibbosa

270 1290 661 1356 transversim
696 1291 923 1350 striata.

99 1386 377 1445 Antemnae
419 1388 598 1447 multi
610 1423 636 1433 -
649 1387 1000 1455 articulatae.

109 1485 327 1544 Thorax
380 1487 479 1545 vel
527 1487 718 1546 limbo
774 1487 985 1546 collari
1041 1489 1238 1547 antico
1292 1488 1388 1546 vel
1440 1501 1745 1568 segmento

271 1594 610 1643 transverso
650 1585 829 1643 limbi
868 1586 1068 1644 locum
1098 1597 1338 1644 tenente
1378 1597 1602 1645 auctus.

99 1682 411 1761 Hemelytra
450 1682 906 1740 membranacea
934 1705 1040 1763 per
1061 1695 1330 1742 suturam
1355 1694 1581 1742 rectam
1603 1706 1742 1743 con-
1773 1734 1775 1737 .

268 1779 558 1836 niventia.

104 1876 266 1936 Tarsi
309 1878 774 1938 2·3-articulati.

236 2052 442 2119 Species
481 2044 790 2114 Manmferoe
828 2052 1022 2119 quibus
1063 2051 1337 2101 abundant
1366 2059 1519 2100 terrae
1557 2051 1745 2101 calidi-

99 2139 248 2184 ores,
286 2140 316 2170 a
353 2118 570 2183 reliquis
605 2113 806 2172 Cicadis
849 2122 929 2168 DE
968 2121 1151 2170 Gar-:1³11
1200 2114 1258 2168 δε
1296 2119 1465 2168 forma
1502 2124 1741 2187 corporis

99 2189 159 2242 &
196 2193 341 2241 victu
372 2190 646 2239 larvarum
681 2206 721 2238 s.
745 2188 1155 2255 metamorphosi
1185 2189 1465 2251 recedunt,
1520 2189 1743 2255 ideoque

97 2280 182 2311 eas
250 2261 315 2310 ad
357 2257 622 2310 Familiam
686 2262 956 2326 propriam
996 2260 1108 2324 jure
1161 2255 1400 2306 referunt
1466 2259 1622 2307 Lim.
1684 2251 1747 2306 ὅτ

101 2332 337 2380 GERMAR.
410 2330 602 2377 Notam
658 2325 820 2396 hujus
890 2327 1099 2376 familiae
1150 2344 1179 2374 a
1240 2333 1509 2374 structura
1560 2321 1787 2391 capitis*

99 2399 438 2465 thoracisque
494 2399 785 2461 praesertim
840 2413 1044 2446 sumere
1090 2394 1256 2443 lubet.
1329 2394 1540 2443 Etenim
1593 2393 1747 2460 frons

99 2469 155 2516 in
203 2484 367 2515 cornu
405 2480 507 2515 non
548 2464 831 2529 producta,
875 2481 1043 2530 neque
1078 2465 1310 2513 carinata
1376 2467 1470 2525 (ut
1522 2465 1576 2512 in
1624 2461 1749 2513 Fut-

95 2538 260 2603 gora)
298 2536 389 2583 sed
410 2533 663 2600 gibbosa:
689 2535 1005 2598 gibbositate
1042 2533 1385 2580 transversim
1422 2534 1641 2593 striata3
1683 2527 1747 2580 δε

92 2605 290 2658 thorax
350 2603 385 2651 l.
430 2602 596 2651 limbo
650 2603 835 2652 collari
891 2603 925 2651 l.
965 2609 1230 2665 segmento
1286 2602 1520 2665 quodam
1562 2599 1744 2650 antico

94 2682 338 2739 augetur.
412 2671 623 2721 Thorax
664 2680 917 2739 praeterea
942 2671 994 2718 in
1030 2669 1176 2718 lobos
1215 2667 1502 2718 dividitur:
1541 2668 1744 2717 scutel-
1795 2686 1798 2687 ⁷

96 2744 150 2793 lo
187 2743 481 2790 coadunato
517 2744 637 2802 (non
673 2742 878 2803 libero).
955 2737 1146 2805 Elytra
1183 2736 1470 2787 alaeformia
1518 2755 1584 2786 an
1615 2753 1746 2784 sem-

95 2829 208 2878 per.
281 2811 568 2859 Stemmata
607 2810 815 2857 verticis
856 2814 884 2860 3
924 2810 1004 2870 (ini
1034 2803 1320 2856 Cicadariis
1357 2800 1417 2855 δε
1446 2804 1747 2872 Fulgoridi-

95 2880 187 2930 bus
221 2896 248 2927 2
284 2879 317 2927 l.
357 2883 423 2942 o.)
460 2880 747 2927 Armatura
784 2879 980 2942 pedum
1006 2876 1168 2925 varia.
1196 2902 1265 2915 —-·
1304 2875 1554 2926 Antennae
1588 2893 1614 2940 7
1655 2892 1749 2922 ω·-

93 2947 325 2996 ticulatae
362 2956 477 2996 test.
524 2948 583 2994 D.
638 2948 795 2996 Fan.
841 2944 1069 2994 Articuli
1116 2946 1252 2991 enim
1293 2943 1494 2993 hasales
1527 2942 1750 2993 forsitan

96 3025 235 3070 treS.
293 3016 597 3079 crassioreS,
653 3023 761 3065 seta
811 3014 1100 3064 articulata
1159 3014 1406 3063 instructi
1455 3019 1592 3069 sunt,
1663 3009 1750 3060 An

100 3084 337 3152 semper?
