1881 3306
1440 187 1504 252 47

89 339 194 373 res.
262 323 492 392 Ideoque
545 340 732 373 nomen
789 324 1091 391 specisscum
1143 325 1496 384 mutavimus,
1535 339 1561 369 a
1605 321 1716 371 loco

90 393 274 458 primae
311 393 625 442 inventionis
677 393 991 441 desumtum.
1065 393 1261 441 Nomen
1295 401 1468 441 autem
1511 394 1717 453 generi-

93 476 212 510 cum
249 479 280 510 a
316 461 491 510 colore
518 463 785 529 corporis,
827 463 869 509 si
913 462 986 508 ita
1023 460 1210 530 placet,
1249 461 1618 528 explicabitur.

220 694 264 749 «γ
308 673 618 731 Membrana
670 670 1076 751 hemelytrorum
1129 673 1591 752 longitudinaliter

417 782 718 858 (interdum
746 785 991 862 obsoleto)
1027 782 1132 856 4-5
1177 804 1413 843 nervosa.

105 1000 175 1039 10
218 979 480 1039 Lmffius.
523 977 735 1056 Corpus
778 975 1344 1056 oblongo-ovatum:
1385 982 1575 1056 capitis
1614 981 1724 1057 cly-

256 1085 354 1141 peo
396 1063 586 1132 brevi,
628 1072 823 1129 acut03
868 1066 1161 1120 membrana
1209 1062 1547 1142 elytrorum
1589 1063 1723 1122 lon-

261 1148 677 1227 gitudiualiter
722 1146 1006 1204 distincte
1061 1146 1166 1220 4-5
1215 1167 1482 1208 nervosa.

234 1299 411 1346 Genus
453 1296 767 1346 Cimicidum
806 1295 1030 1362 Lygoeus
1060 1296 1110 1343 in
1141 1296 1434 1362 Systemate
1465 1296 1721 1365 Rhyngo-

97 1374 273 1415 torum
315 1369 466 1415 Fun.
506 1367 630 1413 etin
673 1364 1052 1431 Monographia
1079 1366 1204 1413 Cim.
1242 1366 1327 1414 Sv.
1364 1368 1465 1416 sub
1502 1385 1554 1416 se
1577 1385 1723 1416 com-

97 1434 380 1502 prehendit
424 1435 873 1483 numerosissimas
909 1435 1130 1499 Species,
1169 1442 1219 1482 et
1259 1433 1449 1484 habitu
1488 1445 1538 1484 et
1580 1438 1724 1486 victu

96 1502 251 1552 valde
294 1503 584 1553 dissimiles.
633 1503 735 1550 Eas
776 1519 988 1569 quoque
1026 1503 1077 1549 in
1121 1501 1221 1550 hac
1263 1504 1606 1552 multitudine
1647 1507 1724 1553 ri-

97 1578 150 1619 te
187 1572 463 1621 enucleare
512 1580 563 1618 et
616 1573 956 1635 investigare,
1023 1570 1434 1634 difficillimum,
1489 1574 1567 1622 sin
1605 1575 1727 1623 fru-

99 1648 384 1701 straneum,
417 1642 517 1688 erit
561 1656 711 1707 opus.
748 1681 752 1685 .
784 1639 1097 1689 Faciliorem
1136 1640 1300 1702 igitur
1336 1642 1570 1690 invenire
1611 1659 1725 1691 me·-

98 1707 353 1771 thoclum‚
397 1720 446 1758 et
489 1712 753 1758 iuventam
799 1711 933 1756 uotis
970 1708 1387 1757 discernentibus
1426 1710 1727 1775 illustrare,

101 1786 339 1825 nostrum
397 1778 500 1825 fuit
553 1780 915 1844 propositum3
971 1778 1162 1843 species
1199 1785 1373 1824 tamen
1425 1778 1729 1844 Regnorum

101 1844 603 1908 Septentrionalium
647 1847 902 1912 imprimis
929 1846 1260 1894 considerare
1306 1847 1453 1896 nobis
1492 1850 1730 1914 contigit.

101 1912 267 1962 Hasce
303 1932 516 1981 quoque
554 1931 646 1980 per
681 1915 787 1963 cluo
830 1915 1002 1962 saltim
1039 1917 1242 1961 Genera
1268 1913 1606 1978 distribuere,
1627 1936 1725 1967 ur-

102 1988 224 2041 gent
274 1991 325 2030 et
379 1992 649 2032 structura
703 1988 865 2032 totius
924 1992 974 2031 et
1023 1982 1456 2047 metamorphosis
1500 1987 1722 2036 diversa.

100 2047 291 2098 Varias
330 2060 581 2118 praeterea
620 2053 671 2098 in
711 2052 911 2099 Genere
938 2051 1127 2119 Lygoeo
1168 2049 1445 2103 collocavit
1473 2053 1577 2103 Cel.
1618 2056 1726 2104 Fi-

103 2133 297 2167 nmcms
344 2122 574 2185 spec-ies,
615 2137 730 2185 quae
769 2119 834 2167 ad
877 2117 1100 2180 Coreum,
1143 2117 1369 2185 Alydum
1407 2129 1450 2171 et
1493 2121 1728 2174 Corizum

103 2189 299 2237 rectius
345 2188 528 2236 resen-ri
583 2189 804 2252 debent,
842 2198 894 2238 et
933 2189 1074 2238 hisce
1123 2191 1176 2237 in
1229 2189 1522 2241 Generibus
1571 2194 1726 2241 citius

100 2254 404 2322 investigari
447 2265 678 2322 possunt.

231 2393 455 2459 Species,
493 2393 557 2442 ad
597 2394 842 2462 Lygoeum
875 2407 1111 2446 nostrum
1156 2397 1464 2462 referendae,
1513 2399 1652 2446 inter
1673 2418 1726 2464 se

107 2467 427 2512 conveniunt
464 2466 696 2529 corporis
728 2474 995 2515 structura
1036 2466 1207 2514 simili.
1238 2467 1442 2515 Etenim
1479 2462 1729 2519 antennass-

90 2548 221 2583 ,rum
259 2532 469 2580 articuli
509 2541 760 2596 quatum}
800 2535 1054 2583 articulus
1096 2536 1296 2601 primus
1334 2553 1557 2595 crassus;
1596 2537 1727 2585 ulti-

105 2617 222 2649 mus
261 2601 706 2663 oblongo-ovatus
750 2607 891 2663 (nec,
926 2611 984 2650 ut
1020 2606 1070 2651 in
1099 2600 1388 2669 Phytocore,
1427 2604 1726 2666 filiformis.)

108 2669 251 2720 Oculi
291 2669 520 2717 rotundi.
562 2669 847 2719 Stemmata
886 2670 1165 2732 nulla‚nisi
1193 2672 1409 2720 forsitan
1430 2672 1730 2722 rudimento

106 2737 486 2788 subtilissimo?
526 2735 734 2788 Thorax
768 2740 974 2804 planus,
1009 2742 1417 2805 subquadratus.
1455 2736 1729 2788 Membra-

105 2823 173 2857 na
216 2804 505 2870 elytrorum
545 2815 623 2854 sat
647 2807 888 2857 distincte
927 2825 1178 2858 nervosa:
1217 2810 1387 2856 nervis
1411 2808 1444 2870 4
1477 2828 1513 2858 s.
1547 2807 1578 2856 5
1599 2809 1730 2856 sim-

40 2895 47 2899 *
107 2873 372 2942 plicibus,
412 2876 555 2939 apice
594 2874 736 2922 haud
767 2878 1026 2932 connexis.
1058 2877 1169 2926 basi
1211 2885 1414 2926 tantum
1454 2894 1560 2924 una
1595 2876 1731 2924 alte-

58 3002 60 3007 Α
109 2960 233 2992 rave
272 2942 447 2989 areola
494 2944 693 2990 minuta
748 2947 1060 3011 conjunctis.
1138 2944 1285 2995 sziae
1321 2947 1504 3010 saepius
1544 2947 1731 3011 spinu-

107 3010 245 3060 losae.
317 3012 539 3059 Femora
579 3012 750 3061 antica
789 3015 1004 3080 reliquis
1043 3031 1245 3080 semper
1278 3013 1385 3063 fere
1423 3015 1641 3081 majora,
1678 3021 1731 3061 et

108 3079 162 3127 in
200 3078 447 3130 masculis
485 3080 638 3129 dente
675 3080 990 3150 plerumque
1026 3085 1301 3133 instructa.
