1881 3306
1459 178 1517 226 15

148 292 180 345 ᾧ
229 317 415 371 Cicada
451 319 717 386 spumaria
764 315 1150 385 graminis-‘De
1189 316 1320 365 Geer
1372 315 1471 363 Ins.
1516 317 1560 365 3.
1607 315 1712 366 163.

12 389 56 437 τί)
92 404 134 436 1·
190 386 285 439 Cz'c.
342 391 610 456 spumaria
652 390 799 435 Linn.
863 387 998 451 Syst.
1052 386 1166 433 Nat.
1235 379 1294 434 &
1349 386 1513 479 Faup.
1563 385 1711 432 Suec.

10 460 37 502 ιι
78 453 324 523 Cer-copis
376 459 658 523 spumaria.
743 454 900 503 Fabr.
954 453 1076 502 Ent.
1135 449 1190 501 &
1230 446 1466 521 Rhyngss
1517 451 1718 519 Aphro-

7 577 13 584 ,
80 525 246 591 phora
285 527 551 593 spumaria
587 526 824 574 Germar.

223 651 348 703 Mas
384 649 441 702 &
477 652 609 703 Fem.
649 648 855 699 habitat
893 650 943 699 in
996 649 1229 711 gramine
1280 657 1550 714 pratorum
1593 650 1718 698 ubi-

88 738 194 786 que
265 721 714 786 frequentissima,
792 717 1207 784 praecedentibus
1273 717 1454 784 paullo
1516 720 1718 780 minor,

86 789 262 838 colore
313 790 464 840 valde
512 790 736 840 varians.
816 786 966 835 Unde
1018 803 1229 852 quoque
1277 787 1416 851 apud
1459 790 1715 835 Auctores

86 868 216 906 ortae
254 868 374 907 sunt
404 861 596 926 species
635 857 841 924 plures,
894 873 1008 922 quae
1050 864 1221 902 tamen
1262 872 1361 900 non
1408 858 1504 905 nisi
1546 861 1714 904 varie-

87 933 223 975 tates
261 929 415 977 unius
453 927 791 994 ejusdemque
821 925 1008 990 speciei
1046 932 1184 972 sunt.
1235 951 1302 961 —-
1350 925 1553 974 Puncta
1597 943 1719 973 ver-

83 996 203 1044 ·ticis
241 996 347 1045 duo
384 998 620 1063 inpressa
661 1013 698 1043 s.
736 995 911 1062 potius
960 1000 1233 1041 stemmata
1285 992 1720 1061 profundiuscule

87 1065 184 1110 sita
247 1082 448 1130 semper
500 1065 704 1114 adsunt.
777 1062 1028 1112 Thoracis
1081 1063 1377 1126 superficies
1423 1063 1721 1124 inaequalis,

90 1138 259 1183 antice
299 1135 508 1200 punctis
562 1153 597 1183 s.
640 1132 856 1182 foveolis
895 1132 953 1192 5,
992 1132 1042 1178 in
1080 1132 1210 1181 serie
1246 1131 1583 1179 transversim
1616 1132 1719 1180 dis-

88 1204 302 1267 positis,
345 1205 613 1268 impressa.
690 1202 899 1250 Macula
937 1203 1161 1265 pectoris
1202 1202 1338 1248 inter
1378 1198 1533 1264 pedes
1570 1209 1722 1249 ante-

88 1271 253 1320 riores
292 1273 438 1336 nigra
479 1273 783 1320 nitidissima
822 1274 873 1319 in
913 1270 1153 1320 omnibus
1189 1267 1532 1316 varietatibus
1555 1268 1716 1318 adest.

83 1339 291 1405 Corpus
325 1356 488 1405 supra
527 1342 941 1390 sericeo-nitens.
1016 1338 1204 1403 Elytra
1244 1337 1390 1384 laevia
1436 1353 1531 1383 nec
1574 1354 1719 1404 pun-

86 1410 183 1457 ctis
219 1410 505 1475 perspicuis
531 1417 792 1457 excavata.
837 1410 994 1457 Nervi
1033 1415 1209 1454 autem
1243 1404 1541 1470 elytrorum
1568 1407 1720 1470 paul·

86 1475 140 1524 lo
175 1478 378 1525 elevati.
457 1478 728 1527 Abdomen
767 1476 1002 1524 fuscum:
1055 1476 1288 1536 margine
1325 1474 1596 1534 (inprimis
1640 1475 1722 1522 fe-

84 1547 236 1592 minae
277 1548 502 1611 auoque)
542 1545 742 1612 pallido
804 1544 967 1593 Pedes
1007 1552 1183 1593 sterno
1206 1539 1541 1605 concolores,
1576 1542 1723 1610 plan-

83 1617 150 1664 tis
189 1617 334 1681 apice
373 1615 549 1680 nigris.
627 1615 830 1679 Longit.
870 1617 899 1664 3
935 1613 1026 1663 lin.

225 1740 346 1791 Not.
419 1741 577 1789 Color
631 1740 921 1787 viventium
972 1736 1123 1787 albus
1176 1740 1227 1786 in
1285 1725 1644 1784 ffa'vescentem
1686 1752 1722 1784 s.

86 1807 400 1857 ochraceum
441 1807 591 1856 facile
625 1816 880 1861 mutatur.
926 1836 985 1844 --
1027 1809 1071 1854 A
1113 1805 1382 1873 speciebus
1434 1819 1591 1867 supra
1639 1803 1722 1850 al-

89 1876 207 1924 latis
253 1878 599 1926 discernitur:
652 1876 1011 1940 magnitudine
1045 1874 1270 1936 minori,
1323 1871 1596 1936 superficie
1628 1889 1721 1919 su-

83 1963 248 2011 perna
286 1945 456 1992 saltim
504 1947 777 2010 perspicue
815 1962 915 1991 non
952 1947 1514 2009 excavato-punctam,
1568 1948 1628 1987 ut
1664 1934 1724 1988 &

87 2021 291 2061 statura
338 2015 498 2077 magis
553 2008 796 2079 depressa
843 2011 1151 2078 maculaque
1193 2009 1418 2077 pectoris
1467 2007 1721 2056 nitidissi-

83 2098 186 2129 ma.
225 2111 294 2123 --
329 2086 372 2131 A
417 2085 767 2147 sequentibus
805 2082 1011 2130 differt:
1063 2082 1247 2148 elytris
1284 2077 1456 2142 capite
1509 2073 1721 2124 latiori-

84 2151 202 2200 bus.
286 2154 540 2201 Praeterea
586 2152 975 2200 observationes
1000 2187 1014 2210 ⁷
1044 2149 1417 2213 descriptiones
1453 2138 1508 2191 δε
1542 2147 1719 2207 figurae

85 2221 165 2266 DE
195 2223 375 2270 Gssmm
416 2222 464 2266 in
503 2217 655 2271 Mem.
694 2220 1008 2272 desinsectes
1032 2218 1165 2266 hanc
1200 2216 1418 2281 speciem
1459 2229 1488 2259 a
1530 2211 1579 2261 C.
1615 2211 1722 2261 Sa-

84 2287 196 2338 licis
257 2285 312 2336 &
384 2288 509 2337 Alni
587 2293 829 2351 (eandem
906 2283 962 2335 ὅτ
1012 2285 1260 2352 aequalem
1310 2282 1721 2344 magnitudinem

84 2355 432 2422 habentibus)
496 2360 706 2409 omnino
761 2375 866 2408 esse
918 2357 1206 2416 diversam,
1257 2351 1452 2419 optime
1504 2351 1723 2398 demon-

86 2433 269 2475 strant.

220 2556 493 2624 Frequens
536 2565 610 2604 est
663 2558 770 2605 haec
820 2564 996 2605 nostra
1052 2552 1276 2618 species‚
1331 2549 1435 2594 imo
1486 2548 1721 2596 omnium

85 2622 238 2673 facite
277 2625 729 2689 frequentissima,
769 2642 987 2690 eamque
1023 2623 1090 2672 ob
1134 2633 1339 2670 causam
1370 2616 1539 2662 nimiae
1577 2616 1724 2665 c010--

83 2695 154 2741 ris
203 2696 486 2744 variationi
528 2694 744 2744 forsitan
798 2694 1038 2745 obnoxia.
1116 2691 1279 2738 Hasce
1330 2692 1505 2732 autem
1548 2687 1723 2732 varie-

82 2767 216 2810 tates
256 2782 352 2827 pro
380 2763 599 2812 diversis
621 2767 889 2828 speciebus
924 2762 1230 2826 neutiquam
1265 2769 1524 2802 assumere
1560 2770 1722 2819 opor-

85 2838 178 2879 tet.
255 2831 462 2880 Etenim
504 2833 708 2882 obstat:
760 2834 1004 2898 frequens
1057 2827 1290 2879 omnium
1347 2824 1481 2869 inter
1518 2837 1569 2869 se
1621 2822 1721 2869 ob-

87 2909 290 2948 servata
336 2901 632 2967 copulati0‚
675 2903 1028 2958 cohabitatio,
1086 2905 1145 2945 ut
1196 2889 1252 2942 δε
1310 2906 1507 2941 summa
1564 2889 1722 2938 habi-

85 2973 171 3016 tus
225 2979 610 3037 structuraeque
651 2971 955 3020 similitudo.
1038 2965 1277 3016 Feminas
1317 2975 1527 3026 quoque
1575 2957 1720 3035 colo-

86 3036 155 3084 ris
200 3041 479 3090 variationi
513 3042 675 3107 magis
719 3056 827 3091 esse
862 3039 1135 3100 obnoxias,
1170 3048 1328 3104 quam
1362 3043 1560 3093 mares»,
1591 3033 1719 3075 saus
