1881 3306
1506 129 1536 175 3

90 267 354 331 eligimus.
430 265 577 313 Hanc
628 272 803 311 autem
846 260 1155 310 methodum
1216 259 1441 309 ulterius
1495 262 1742 329 persequi

98 336 413 402 Speciesqne
478 336 616 399 ipsas
676 333 821 380 novis
885 331 1105 377 detectis
1170 337 1351 376 auctas
1396 340 1737 396 pertractare,

97 412 337 452 nostrum
379 404 480 469 jam
524 404 624 449 erit
660 401 1009 468 propositum.

87 568 90 571 Α
251 513 372 566 Vita
412 508 467 561 &
515 505 947 576 [Wetcmoorplwsz's
982 509 1293 557 Cimicidum
1335 530 1363 558 a
1401 510 1620 576 reliquis
1641 511 1742 559 Hea

85 585 334 650 *mipteris
372 581 516 629 haud
574 579 741 628 multo
784 578 997 625 recedit.
1075 578 1387 644 Explicatur
1436 579 1632 628 scilicet
1673 581 1742 628 ab

98 671 197 701 ovo
236 649 414 703 Larvcb
453 647 744 714 hexapoda,
809 647 1028 710 Imagini
1068 646 1403 710 aliquatenus
1448 647 1647 708 similis,
1688 657 1744 697 at

95 729 297 786 aptera.
375 717 578 783 Elytris
613 715 815 781 alisque
860 713 1132 779 explicatis
1169 714 1351 782 Iwmgo
1385 736 1420 766 s.
1477 719 1741 765 insectur'n

98 788 419 854 completum
463 787 649 835 oritur.
729 788 866 835 Ante
908 782 1005 830 hoc
1046 792 1253 850 tempus
1294 788 1344 832 in
1379 792 1519 837 statu
1554 782 1744 836 Larvae

97 859 258 906 vitam
300 858 517 919 degunt,
551 855 714 901 misia
758 864 1012 918 tempore,
1069 870 1174 915 quo
1223 853 1581 904 rudimentum
1621 853 1740 915 ely-

95 935 301 974 trorum
340 924 613 989 incipitur,
648 929 837 972 statum
874 919 1027 985 Fupoe
1064 921 1236 969 dicere
1276 924 1451 972 velles.
1495 922 1615 970 Haec
1648 925 1740 970 In-

96 1002 252 1052 secta‚
296 1012 395 1062 pro
433 1009 578 1041 more
640 992 816 1053 solito,
871 992 1076 1039 tunicas
1134 989 1395 1055 deponere
1453 990 1739 1040 verisimile

96 1071 190 1121 est,
229 1073 284 1111 at
321 1080 442 1111 raro
499 1063 852 1110 observatum.
931 1088 1000 1097 —
1076 1062 1239 1107 Instat
1289 1065 1487 1128 tempus
1539 1061 1739 1126 copula-

96 1130 248 1181 tionis
290 1132 474 1197 saepius
514 1127 571 1178 (ἵε
611 1130 836 1194 quidem*
865 1130 1142 1194 saepissime
1200 1144 1301 1176 non
1347 1131 1513 1194 prius,
1581 1145 1742 1194 quam

84 1203 360 1249 ·Insectum
402 1199 632 1266 perfecte
674 1208 748 1245 est
787 1197 1129 1247 declaratum.
1181 1198 1237 1244 In
1282 1196 1600 1249 Cimicidibus
1639 1215 1738 1244 au-

94 1277 198 1317 tem
231 1270 386 1336 hujus
424 1274 498 1314 rei
529 1266 707 1332 plures
732 1266 948 1315 forsitan
980 1265 1175 1312 dantur
1213 1268 1737 1332 exceptiones‚q1.iam

81 1340 147 1384 -in
186 1337 301 1385 aliis
345 1339 668 1385 Insectorum
709 1334 947 1382 Familiis
989 1334 1157 1382 alatis.
1226 1334 1491 1398 Quasdam
1531 1335 1739 1398 Species

83 1422 297 1471 semper
331 1414 538 1471 apteras
575 1420 883 1469 permanere
914 1405 1178 1466 cognitum
1208 1413 1300 1452 est.
1333 1407 1388 1452 ln
1419 1405 1535 1452 aliis
1573 1404 1738 1451 Sexus

85 1471 351 1524 alteruter
390 1474 582 1529 alatus,
629 1489 703 1518 ex.
744 1489 819 1536 gr.
861 1489 967 1518 mas
1012 1468 1163 1536 Capsi
1201 1471 1527 1534 mnhulantis,
1581 1487 1740 1537 quem

94 1545 145 1592 in
188 1543 379 1605 copula
419 1560 537 1590 cum
580 1542 770 1588 femina
817 1548 998 1606 aptera
1036 1558 1238 1605 semper
1293 1543 1601 1608 reperimus.
1678 1541 1739 1586 ln

94 1611 210 1660 aliis
246 1614 560 1662 observatur
597 1610 788 1674 copula
828 1619 962 1656 ante*
989 1609 1389 1676 explicationem
1418 1611 1738 1677 elytrorum‚

93 1699 170 1730 ex.
207 1697 281 1744 gr.
327 1683 379 1728 in
424 1678 576 1730 Coreo
614 1679 908 1746 miriformi,
943 1695 1095 1742 quem
1133 1687 1384 1747 praeterea
1422 1677 1737 1746 copulatum

93 1751 389 1799 invenimus
430 1758 544 1815 post
581 1748 990 1797 declarationem
1053 1749 1339 1813 perfectam
1392 1749 1473 1798 vel
1515 1745 1734 1794 alterius

92 1817 177 1865 vel
213 1823 494 1884 utriusque
533 1835 698 1866 sexus.
772 1816 979 1864 Adsunt
1036 1833 1250 1882 quoque
1290 1818 1499 1884 Species
1542 1817 1593 1862 in
1632 1815 1736 1881 Sy-

95 1896 310 1935 stemate
373 1895 575 1952 -apterae
626 1886 896 1950 descriptae
953 1881 1009 1931 δε
1056 1886 1418 1950 denominatae,
1458 1901 1573 1952 quae
1621 1884 1736 1932 ala-

92 1964 155 2003 tae
208 1965 388 2022 postea
434 1957 719 2004 observata:
757 1953 992 2002 fuerunt.

242 2050 351 2101 Ova
410 2053 526 2102 loco
561 2069 657 2118 pro
697 2052 837 2098 victu
880 2045 937 2099 &
1000 2052 1298 2101 defensione
1360 2053 1548 2102 idoneo
1587 2069 1732 2101 com-

79 2119 330 2168 'mittunL
403 2122 695 2186 Plerosque
733 2138 917 2167 eorum
961 2122 1058 2170 sub
1097 2122 1290 2170 cortice
1334 2123 1605 2184 arborum,
1650 2121 1734 2169 vel

92 2189 157 2236 ad
198 2187 394 2239 radices
430 2189 753 2249 plantarum,
797 2188 878 2236 vel
925 2192 975 2238 in
1016 2189 1236 2242 floribus
1296 2193 1595 2257 progeniem
1637 2191 1736 2239 ab-

93 2257 342 2305 scondere
382 2259 632 2307 creditur.
674 2286 742 2296 —
816 2258 1124 2309 Alimentum
1165 2276 1191 2305 e
1230 2276 1383 2307 succo
1417 2258 1735 2324 Vegetabili·

92 2342 181 2372 um
220 2324 517 2387 hauriunt3
572 2345 668 2375 nec
731 2328 824 2376 nisi
866 2331 1141 2392 pauciores
1200 2328 1301 2376 alia
1360 2332 1556 2377 insecta
1595 2328 1734 2375 inse·-

77 2396 247 2440 ⁷stant.
327 2397 556 2460 Ideoque
616 2396 824 2445 feroces
868 2396 1006 2461 (gall,
1061 2394 1413 2459 Carzmssiers)
1494 2415 1595 2444 non
1635 2415 1736 2462 ap<

77 2463 258 2527 *prime
322 2466 574 2513 dicuntur
619 2462 895 2515 Cimz'cz'cles.
966 2463 1224 2516 Acanthio
1264 2466 1735 2525 lectulariffiforsi-

91 2539 180 2578 tan
223 2534 374 2580 unica
415 2537 608 2597 species
649 2535 962 2598 sanguisuga
1013 2553 1038 2581 a
1086 2538 1374 2600 majoribus
1415 2533 1735 2601 quibusdam

94 2599 236 2650 Corei
279 2601 550 2668 speciebus
593 2603 886 2650 infestatur.
939 2602 1126 2650 Varias
1163 2606 1373 2670 species,
1417 2607 1492 2652 sin
1536 2619 1732 2663 omnes,

91 2666 148 2716 &
188 2669 479 2718 Lai-varum
519 2672 681 2719 instar
723 2666 776 2718 ἃ
822 2673 1133 2735 imaginum,
1192 2674 1289 2721 sub
1338 2675 1531 2721 cortice
1571 2671 1734 2718 arbo-

79 2747 228 2808 rum,
271 2739 368 2786 sub
408 2738 677 2803 lapidibus
710 2738 958 2807 foliisq‘ue
998 2741 1264 2790 exsiccatis
1306 2741 1607 2802 hibernare,
1637 2757 1732 2789 sae-

88 2823 153 2873 pe
187 2805 596 2857 observavimus.

73 2941 78 2944 ψ
229 2902 442 2954 Volatus
482 2904 771 2966 Imaginum
813 2905 991 2953 tardus
1033 2898 1090 2955 &
1141 2907 1336 2956 brevis.
1415 2907 1593 2962 Motus
1633 2922 1734 2954 au-

75 2977 192 3022 .tem
232 2971 622 3025 ambulatorius
683 2973 1031 3042 frequentior.
