1881 3306
98 359 499 415 ceterarumque
522 349 679 414 hujus
715 346 922 396 familiae
955 350 1272 412 specierum,
1318 351 1369 398 in
1408 349 1544 399 foliis
1582 350 1737 415 plan—

96 427 270 466 tarum
326 417 488 465 libere
535 426 740 479 vagant.
813 423 890 455 -——*
953 415 1204 478 Quaedam
1260 428 1380 467 sunt
1446 422 1642 485 species
1683 421 1736 468 in

99 490 333 551 gramine
368 496 705 552 ·pratorum‚
781 486 967 533 ceteris
1016 484 1165 550 longe
1225 488 1610 553 frequentiores
1671 480 1731 534 ὅτ

95 557 449 622 copiosissime
487 555 688 615 obviae3
738 554 1115 602 detrimentum
1168 557 1253 604 vix
1296 555 1464 605 ullum
1500 554 1734 604 inferen-

96 632 190 671 tes.
265 624 394 672 Aliae
444 624 497 672 in
535 622 820 671 fruticibus
854 623 1182 688 potissimum
1226 633 1504 673 versantur
1541 619 1595 671 ἃ
1638 641 1734 673 vo·-

95 691 243 751 lant,
304 702 358 740 at
394 693 608 740 brevem
637 690 837 739 faciunt
873 693 1025 738 viam.
1106 693 1298 740 Fertur
1353 703 1557 754 tamen,
1619 710 1736 741 ma-

94 776 248 823 gnam
290 759 424 810 Cere.
459 760 731 828 spumarioe
757 761 961 826 copiam
997 761 1136 807 intra
1169 761 1448 810 fenestram
1485 761 1615 810 hora
1644 778 1737 809 ve-

95 832 329 893 spertina
367 831 442 877 XI
487 829 584 878 sub
621 828 804 877 volatu
844 829 1155 893 migratorio
1189 830 1391 877 alicubi
1430 831 1734 895 irrepuisse.

97 899 234 955 (Vid.
274 896 683 966 Natursorscher
717 898 792 946 St.
824 901 888 962 3).
937 924 1005 936 --
1043 898 1189 948 Hanc
1224 915 1437 964 quoque
1476 902 1729 963 speciem,

93 985 196 1016 non
239 966 395 1015 aliter
430 984 490 1014 ac
525 976 727 1015 ceteras
765 969 988 1014 maxime
1040 965 1374 1033 frequentes,
1422 976 1543 1014 ante
1582 968 1737 1015 tinem

98 1039 286 1084 mensis
324 1037 580 1100 Augusti,
633 1035 740 1083 fere
789 1037 1000 1102 penitus
1060 1054 1111 1084 se
1152 1036 1486 1097 subduxisse,
1535 1031 1593 1082 &
1634 1033 1736 1083 ho-

94 1107 250 1172 spitia
289 1105 441 1151 solita
480 1108 629 1168 quasi
669 1105 824 1151 simul
867 1100 923 1153 &
974 1105 1132 1153 semel
1178 1107 1502 1165 deseruisse,
1550 1105 1735 1152 obser—

103 1183 282 1221 vatum
323 1182 413 1222 est.
494 1172 628 1221 Hinc
659 1173 954 1221 absurdum
998 1179 1211 1224 omnino
1247 1191 1348 1221 non
1389 1174 1587 1221 dictum
1628 1188 1736 1220 esse

91 1243 487 1309 putaverimus,
544 1242 797 1308 ejusmodi
865 1242 1124 1307 colonias,
1181 1252 1419 1308 tempore
1473 1250 1736 1290 nocturno

87 1313 400 1375 migrantes,
440 1311 663 1375 ideoque
701 1328 803 1359 non
844 1309 1179 1375 observatas,
1248 1313 1298 1359 in
1358 1327 1500 1357 mare
1546 1312 1629 1359 vel
1681 1310 1734 1356 in

88 1397 253 1445 aquas
292 1394 345 1425 se.
383 1378 700 1441 contulisse,
741 1387 801 1427 ut
843 1396 1012 1428 escam
1054 1383 1284 1446 piscihus
1325 1380 1638 1447 praeberent.

219 1506 330 1556 Ova
371 1504 436 1552 ad
474 1504 673 1551 radices
710 1502 1011 1568 plantarum
1054 1514 1178 1554 ante
1239 1503 1460 1552 hiemem
1501 1505 1733 1573 ‘deponit

89 1571 458 1622 verisi‘niiliter‘
484 1580 599 1620 tota
642 1571 750 1620 haec
783 1570 998 1619 familia.
1077 1576 1330 1639 imagines
1382 1584 1557 1622 tamen
1611 1575 1735 1639 pluo

87 1643 226 1690 rium
283 1642 575 1708 specierum
627 1637 955 1706 (Cercopibus
992 1644 1254 1708 exceptis)
1301 1642 1399 1690 sub
1467 1644 1734 1707 lapidibus

92 1706 151 1758 &
205 1711 395 1758 muscis
448 1708 788 1756 hibernantes
851 1727 971 1756 raro
1027 1714 1333 1775 reperimus.
1409 1711 1492 1759 Ab
1558 1711 1735 1762 Acaro

91 1781 321 1844 quodam
358 1776 529 1836 ovaii,
573 1776 769 1833 rubro,
797 1773 942 1824 haud
973 1778 1127 1826 aliter
1165 1788 1323 1844 atque
1352 1779 1453 1826 alia
1498 1782 1728 1840 insecta,

85 1847 354 1895 interdum
393 1844 727 1891 infestantur.

227 1971 526 2038 capiuntur
565 1969 646 2018 vel
672 1969 857 2041 forfice
891 1977 972 2025 vel
1020 1979 1195 2044 potius
1233 1979 1489 2045 excipulo,
1543 1987 1636 2026 aut
1677 1979 1732 2027 in

87 2044 321 2108 gramine
359 2049 452 2088 aut
491 2042 542 2087 in
582 2038 867 2090 fruticibus
902 2045 1205 2105 vibrandis,
1261 2050 1360 2095 ita⁷
1390 2060 1450 2096 ut
1503 2048 1553 2096 in
1605 2048 1732 2096 sun-

85 2114 211 2160 dum
247 2108 473 2175 excipuli
511 2109 699 2157 cadant
738 2109 954 2161 Cicadae.
1027 2117 1255 2164 Strenue
1310 2126 1485 2166 tamen
1537 2116 1734 2164 saliem-

83 2181 153 2229 do
204 2178 383 2242 fugam
439 2186 640 2243 petunt.
738 2177 969 2234 Vasculo
1014 2186 1183 2233 vitreo
1238 2195 1341 2233 un‘a
1402 2202 1519 2234 cum
1579 2183 1734 2250 gleba

82 2258 237 2297 terrae
275 2248 545 2313 graminea
590 2246 732 2296 haud
770 2265 891 2299 raro
925 2254 1118 2302 nutriri
1168 2262 1386 2322 possunt
1425 2255 1580 2302 larvae
1627 2254 1731 2299 im·-

83 2319 277 2377 missae‚
316 2310 372 2364 &
411 2314 678 2381 explicari.
752 2318 982 2371 Aciculis
1028 2320 1335 2390 adfiguntur
1371 2325 1622 2388 imagines
1676 2321 1730 2368 in

81 2385 319 2449 margine
356 2383 525 2433 dextri
568 2383 758 2450 elytri,
803 2404 905 2435 non
959 2393 1011 2440 in
1058 2389 1314 2451 thorace,
1363 2409 1460 2442 nee
1510 2393 1562 2438 in
1608 2404 1730 2437 seua

81 2452 233 2515 tello,
288 2470 351 2502 ne
385 2459 518 2502 notae
554 2453 622 2502 ab
658 2453 738 2504 his
772 2459 1018 2523 partibus
1071 2461 1399 2511 desumendae
1454 2459 1729 2508 laedantur.

220 2578 424 2647 Species
476 2591 741 2646 quantum
799 2583 909 2632 fieri
948 2588 1124 2654 potuit
1168 2587 1420 2652 genuinas
1465 2579 1523 2632 &
1579 2599 1730 2631 veras

82 2651 434 2698 determinare
472 2648 624 2699 nobis
663 2651 808 2701 cordi
835 2654 970 2712 fuit,
1008 2673 1237 2723 eumque
1279 2657 1329 2702 in
1367 2656 1519 2704 finem
1560 2669 1729 2717 eopu*

82 2718 332 2765 lationem
375 2716 557 2766 sedulo
588 2719 1016 2787 observavimus,
1075 2728 1357 2773 varietates
1413 2722 1729 2785 copiamque

82 2785 474 2834 individuorum
512 2787 845 2853 collegimus,
885 2793 1077 2844 insecta
1111 2794 1229 2843 viva
1266 2791 1636 2857 descripsimus
1670 2784 1730 2835 δεῖ

81 2854 428 2901 mutationem
471 2855 709 2905 colorum
759 2859 810 2904 in
849 2861 1115 2912 exsiccatis
1166 2862 1570 2919 adnotavim1153
1623 2875 1729 2915 unp

81 2923 145 2970 de
186 2921 404 2979 accidit,
462 2931 522 2970 ut
559 2927 791 2974 omnium
833 2933 1123 2993 specierum
1178 2941 1326 2979 antea
1394 2928 1726 2992 cognitarum,

83 2990 402 3038 differentias
460 2991 617 3040 aliter
680 3006 986 3046 construere
1037 3001 1205 3048 coacti
1274 3000 1548 3045 fuerimus,
1624 2996 1727 3042 Nec

84 3067 212 3106 nota
245 3059 484 3108 acolore
522 3059 693 3110 solum
726 3063 965 3114 desurnta
1004 3069 1071 3116 ad
1105 3068 1296 3135 species
1341 3084 1368 3112 a
1419 3081 1469 3112 se
1507 3066 1726 3111 invicem

86 3127 454 3178 discernendas
490 3146 695 3198 semper
732 3132 886 3183 valet.
961 3135 1153 3187 Obstat
1180 3139 1430 3187 nimirum
1470 3150 1568 3183 non
1609 3144 1729 3182 tau-
