1881 3306
342 239 373 269 2

136 385 308 436 ctione
345 395 631 430 nervorum
701 378 754 427 in
808 373 1113 424 membrana
1161 373 1608 440 hemelytrorum‚
1670 396 1785 445 quae

135 482 310 550 primo
350 477 552 527 intuitu
590 474 880 539 detegitur,
950 467 1008 519 ὅτ
1045 473 1224 519 Genus
1275 471 1451 518 statim
1491 471 1653 521 ferme
1690 475 1784 524 de-

139 583 305 628 notat.
382 573 719 623 structuram
751 586 966 634 quoque
1004 566 1224 616 similem
1265 566 1421 634 hujus
1460 575 1788 618 ceterarum-

140 691 244 741 que
328 667 565 737 corporis
606 666 840 733 partium
883 663 1101 712 eandem
1156 660 1215 713 ὅτ
1282 662 1503 711 similem
1558 663 1790 713 indicare

134 768 352 820 vivendi
421 763 688 818 rationem
744 769 977 810 statuere
1039 759 1177 809 licet.
1250 756 1565 808 Faciliorem
1622 760 1790 825 igitur

135 865 273 915 hanc
309 868 545 912 nostram
571 875 679 910 esse
712 857 1047 921 methodum,
1108 856 1253 905 haud
1314 858 1580 907 immerito
1609 856 1791 905 existi-

133 975 356 1012 mamus.

271 1099 334 1148 In
369 1095 506 1145 votis
543 1095 649 1163 jam
690 1093 829 1155 fuit,
865 1090 1150 1142 editionem
1189 1089 1586 1158 Monographiae
1611 1093 1780 1143 Cimi-

131 1213 253 1246 cum
291 1193 487 1243 Sveciae
522 1207 747 1254 novam,
813 1181 873 1235 &
929 1188 995 1236 ad
1066 1186 1373 1237 methodum
1423 1195 1657 1238 nostram
1693 1192 1785 1241 ad-

133 1287 555 1351 commodatam,
610 1286 815 1355 publici
855 1288 986 1353 juris
1025 1285 1233 1347 facere,
1282 1284 1497 1354 adjectis
1532 1286 1785 1337 ohserva-

137 1385 379 1436 tionibus
417 1400 582 1451 quam
611 1383 895 1453 plurimis,
940 1401 1055 1450 quae
1092 1389 1187 1431 aut
1221 1380 1420 1433 Genera
1453 1390 1548 1431 aut
1586 1381 1790 1453 Species

130 1483 439 1551 respiciunt.
511 1479 675 1532 Vetat
727 1489 908 1528 autem
963 1479 1241 1548 prolixitas
1286 1480 1493 1548 Operis,
1575 1481 1789 1544 Quam-

132 1579 317 1630 obrem
353 1594 518 1627 novas
552 1577 710 1626 modo
748 1576 974 1642 species,
1035 1575 1103 1624 ab
1150 1593 1287 1624 anno
1325 1574 1483 1640 *1807
1530 1575 1613 1624 vel
1654 1594 1786 1637 pro-

127 1676 252 1745 prio
287 1673 373 1724 vel
410 1672 583 1722 alieno
634 1675 810 1722 studio
861 1670 1126 1732 detectas,
1197 1674 1494 1722 describere
1543 1681 1787 1744 nostrum

129 1776 237 1844 jam
271 1772 374 1821 erit
435 1768 787 1836 propositum.
866 1766 979 1816 Hoc
1019 1767 1213 1832 igitur,
1283 1769 1655 1835 qualecunque
1713 1772 1780 1818 sit

126 1865 432 1938 periculum
455 1902 472 1929 ,
532 1881 804 1931 speramus
852 1863 966 1914 sore
993 1899 1009 1924 ‚
1075 1873 1137 1913 ut
1171 1863 1462 1931 quidquam
1502 1866 1568 1915 ad
1605 1867 1782 1918 incre-

129 1971 374 2014 mentum
447 1958 633 2014 Fauuoe
671 1959 865 2017 Svecioe
903 1961 1170 2026 conferat,
1240 1961 1336 2013 Rei
1367 1961 1780 2033 Entomologicae

130 2057 318 2126 peritis
358 2073 467 2110 non
498 2058 717 2109 omnino
760 2057 1062 2127 displiceat.
