1881 3306
99 673 859 740 SUPPLEMENTUM
943 664 1655 733 MONOGRAPHIAE

417 814 861 866 CIMICUM
930 809 1318 864 stmAE.

55 986 311 1103 prodiit
367 1046 758 1117 Monographia
819 1047 1054 1100 Cimicum
1113 1045 1304 1098 Svecioe
1359 1044 1514 1094 Anno
1576 1051 1709 1109 1807

59 1151 264 1202 Hafniae
305 1150 447 1218 typis
507 1149 790 1215 impressa,
850 1148 1045 1216 species
1115 1145 1209 1197 160
1259 1139 1314 1193 &
1357 1142 1502 1192 ultra
1539 1142 1715 1191 conti-

58 1266 202 1298 nens.
277 1246 359 1297 Eo
395 1256 574 1296 autem
609 1257 846 1314 tempore
880 1243 1135 1295 methodo
1183 1241 1517 1294 Fabricianae
1559 1240 1714 1291 nimis

61 1346 288 1408 addicti,
329 1340 386 1395 &
427 1346 635 1393 Genera
674 1344 929 1411 pauciora
976 1337 1035 1392 &
1074 1341 1498 1408 descrlptiones,
1555 1355 1718 1405 quam

61 1461 160 1511 par
215 1450 361 1506 erat,
431 1443 729 1502 breviores,
801 1441 1208 1492 construximus.
1300 1437 1436 1487 Dein
1476 1452 1603 1485 vero
1663 1436 1721 1486 in

63 1541 177 1607 ipsa
217 1540 422 1588 Natura
463 1541 666 1589 Insecta
731 1542 852 1587 viva
891 1539 1248 1605 perscrutari,
1307 1552 1467 1603 quam
1505 1545 1722 1586 mortua

62 1639 116 1688 in
155 1637 573 1688 collectionibus
615 1639 708 1688 diu
746 1635 1022 1685 adservata
1061 1627 1119 1680 &
1155 1639 1445 1699 corrugata
1482 1640 1726 1682 contem-

64 1736 204 1804 plari
247 1737 411 1786 satius
471 1735 756 1791 duximus;
831 1749 937 1797 quo
993 1730 1192 1779 sactum
1241 1740 1350 1794 est,
1406 1735 1468 1776 ut
1524 1727 1725 1781 Genera

69 1829 127 1881 &
163 1835 229 1884 ad
271 1840 594 1883 structuram
654 1832 889 1898 corporis
949 1822 1006 1875 &
1054 1830 1119 1878 ad
1164 1831 1331 1896 ipsam
1381 1827 1593 1876 vivendi
1631 1844 1724 1877 ra-

68 1932 269 1979 tionem
314 1939 621 1979 construere
659 1931 811 1980 nobis
856 1932 909 1977 in
945 1935 1206 1996 potestate
1246 1927 1428 1976 fuerit.
1488 1926 1576 1976 Sic
1618 1924 1725 1996 Ly-

70 2043 237 2094 goeum
273 2027 415 2075 FABR
513 2028 943 2095 Hemipterorum
982 2043 1144 2096 genus
1192 2025 1486 2092 specierum
1522 2024 1726 2078 ditissi-

72 2142 249 2187 mum,
292 2124 345 2172 in
379 2123 534 2191 plura
575 2129 780 2176 Genera
814 2126 978 2175 dividi
1003 2127 1224 2185 debere,
1257 2121 1408 2171 nobis
1449 2121 1554 2170 fuit
1595 2143 1722 2192 per-

75 2238 301 2270 svasum.
375 2221 462 2272 Sic
513 2242 726 2293 quoque
785 2224 992 2290 reliqua
1057 2224 1263 2271 Genera
1311 2220 1470 2285 hujus
1512 2219 1727 2274 Ordinis

78 2316 326 2366 ulteriori
365 2321 587 2369 examini
627 2322 977 2387 subjecimus,
1015 2338 1135 2371 eum
1181 2323 1232 2370 in
1273 2321 1456 2381 finem,
1506 2326 1570 2367 ut
1605 2337 1727 2388 spe-

80 2414 182 2461 cies
219 2431 280 2462 eo
320 2416 475 2464 citium
502 2414 559 2467 (ἵε
604 2419 814 2468 facilius
853 2422 906 2469 in
937 2422 1068 2468 serie
1115 2419 1452 2484 sys‘tematica
1508 2418 1731 2468 investi-

82 2520 351 2575 garentur.
425 2514 665 2578 Etenim,
736 2520 867 2584 quin
926 2514 1260 2580 investigatio
1322 2514 1616 2580 specierum
1676 2519 1731 2567 in

82 2608 375 2675 Systemate
428 2601 658 2664 FABmcn
731 2615 982 2682 pluribus
1034 2612 1260 2660 obnoxia
1311 2615 1376 2661 sit
1434 2611 1730 2662 difficulta-

82 2706 258 2768 tibus,
302 2725 456 2759 nemo
494 2711 644 2759 facilc
683 2712 920 2764 dubitat.
980 2710 1251 2775 Specimen
1292 2697 1485 2776 igitur,
1550 2726 1736 2762 novam

84 2802 390 2871 Hemz'ptera
456 2808 755 2874 disponendi
821 2806 1102 2857 methodum
1162 2807 1442 2869 exhibens,
1517 2826 1562 2857 a.
1607 2809 1739 2873 1814

86 2901 375 2965 edidimus,
415 2912 671 2970 notasque
715 2906 985 2953 Generum
1026 2901 1476 2955 characteristicas
1524 2905 1733 2957 desum-

88 3000 248 3049 simus
277 3019 307 3050 a
336 3002 502 3051 variis
539 3002 773 3070 corporis
813 2998 1086 3068 partibus,
1155 2990 1212 3047 &
1252 2998 1305 3048 in
1338 2998 1454 3067 his,
1517 3021 1546 3051 a
1593 3005 1738 3055 dire—

1505 3112 1524 3146 1
