1881 3306
363 208 398 255 6

146 388 348 420 summo
400 368 630 432 margine
682 367 849 425 albis,
927 367 1086 432 spinis
1143 369 1479 420 brevioribus
1525 361 1583 415 ὅτ
1624 369 1675 416 in
1713 369 1793 418 la-

145 440 350 488 teribus
403 432 456 484 &
508 441 561 484 in
607 439 841 501 margine
873 437 1107 503 postico,
1145 438 1211 486 ad
1255 437 1538 487 scutellum
1591 453 1796 502 usque,

143 507 390 574 pluribus
415 507 548 555 albis
586 514 839 554 armatus.
918 503 1051 552 Hinc
1090 522 1303 572 quoque
1369 504 1548 570 anguli
1603 503 1794 552 thora-

146 577 220 623 cis
263 577 575 640 posteriores
612 582 764 622 acute
803 571 998 640 spinosi
1037 574 1283 623 evadunt.
1325 575 1634 637 Hemelytra
1670 572 1796 620 bre-

142 644 350 698 vissime
399 643 583 707 pilosa,
627 639 1008 699 scabriuscula,
1046 645 1096 689 in
1138 644 1376 707 margine
1414 645 1590 690 antico
1628 657 1797 705 usque

143 712 210 760 ad
251 711 592 759 elevatiorem
631 710 926 758 abdominis
958 712 1248 773 marginem
1298 711 1566 760 subtiliter
1621 725 1797 756 serra-

140 788 229 829 ta:
280 779 586 827 membrana
611 780 936 843 grisescente.
973 777 1244 827 Abdomen
1272 795 1408 846 pone
1435 778 1668 827 medium
1708 777 1796 824 di-

138 849 397 897 latatum:
437 846 767 912 marginibus
807 847 932 894 rufis
962 846 1344 897 submaculatis
1365 884 1379 909 ,
1441 857 1586 895 extra
1615 843 1793 911 elytra

136 918 370 967 elevatis.
409 917 613 981 Corpus
638 913 823 963 subtus
853 913 1147 964 flavescens.
1192 917 1357 966 Pedes
1372 915 1559 976 scabri,
1593 912 1749 977 pilosi
1777 930 1795 974 ;

134 984 427 1035 femoribus
465 985 656 1044 fuscis3
715 985 924 1049 posticis
969 985 1318 1034 crassioribus
1344 1022 1358 1047 ‚
1417 985 1602 1034 subtus
1638 982 1790 1048 juxta

132 1056 335 1121 apicem
373 1051 825 1118 albo-spinulosis.
891 1051 1122 1119 Spinulae
1159 1054 1402 1119 inprimis
1440 1053 1601 1113 binae,
1648 1067 1787 1115 qua-

129 1140 250 1171 rum
289 1123 550 1187 posterior
588 1121 792 1187 longior
830 1128 937 1182 est3
993 1137 1126 1185 pone
1163 1119 1299 1171 hanc
1333 1121 1555 1193 spinulae
1594 1123 1623 1170 3
1661 1135 1701 1169 S.
1753 1121 1789 1182 4

132 1195 319 1242 sensim
355 1192 638 1240 breviores.
713 1189 879 1239 Tibiae
917 1189 1140 1257 pallidae.

266 1316 406 1367 Mas.

265 1454 388 1504 Not.
467 1455 663 1520 Aperte
720 1454 895 1504 differt
941 1458 1008 1506 ab
1050 1455 1296 1504 omnibus
1340 1454 1533 1507 nostris
1570 1452 1778 1505 Coreis:

128 1532 401 1571 armatura
462 1531 846 1583 antennarum,
907 1524 1142 1574 thoracis
1181 1525 1500 1591 pedumque.
1576 1525 1780 1573 Praete-

125 1608 270 1640 reaa
312 1589 360 1638 C.
398 1591 687 1657 spinipede‚
775 1594 842 1642 ad
895 1610 1052 1658 quem
1107 1600 1315 1640 statura
1372 1594 1608 1657 corporis
1646 1610 1777 1657 pro-

121 1661 241 1725 pius
275 1659 502 1707 accedit:
575 1665 815 1708 antennis
859 1659 1249 1721 crassioribus,
1308 1659 1553 1709 articulis
1591 1660 1775 1709 mediis

123 1727 451 1804 aequalibuS,
495 1736 554 1776 ut
593 1723 653 1775 ὅτ
690 1726 852 1795 spinis
894 1728 1089 1794 pedum
1127 1727 1407 1793 pluribus,
1451 1745 1574 1779 mox
1596 1728 1781 1795 dignoss

125 1803 309 1845 scitur.

257 1982 617 2032 Prnnaocoms
678 1981 826 2046 (Nov.
872 1983 1101 2051 Hemipt.
1148 1982 1383 2035 method.
1437 1984 1578 2047 1814.
1617 2002 1670 2052 p.
1700 1994 1768 2054 9).

130 2128 150 2165 1
244 2111 314 2167 P.
361 2109 735 2171 Calmariensis
821 2112 1005 2172 rubro
1053 2114 1344 2193 nigroque
1388 2115 1583 2171 varia:
1669 2139 1765 2174 ca-

298 2195 452 2274 pite,
534 2196 796 2256 thoracis
851 2197 1092 2256 macula
1141 2199 1379 2277 gemina
1431 2198 1763 2278 quadrata,

302 2280 579 2350 scutellQ
623 2282 962 2362 elytrorum
1012 2283 1252 2364 punctis
1290 2281 1522 2341 duobus
1571 2306 1782 2344 mem--

303 2363 610 2446 branaque
649 2368 858 2447 nigris,

259 2500 436 2555 Cimex
490 2512 704 2573 apteras
758 2508 911 2558 Linn.
954 2506 1089 2573 Syst.
1129 2505 1246 2555 Nat.
1291 2523 1337 2560 2.
1381 2525 1496 2574 727.
1531 2518 1610 2576 78.
1684 2510 1764 2559 De

119 2572 256 2620 Geer
313 2575 410 2623 Ins.
452 2578 494 2625 3.
545 2574 661 2642 276.
693 2588 772 2630 30.
846 2576 1071 2643 Lygoeus
1112 2580 1327 2641 apteras
1400 2577 1561 2631 Fabr.
1635 2579 1760 2630 Eut.

118 2640 256 2706 Syst.
288 2641 336 2703 4.
392 2643 501 2693 161.
534 2665 616 2715 90.
692 2648 832 2713 Syst.
877 2646 1084 2712 Rhyng.
1125 2662 1240 2712 227.
1291 2644 1400 2696 116.

248 2768 375 2821 Mas
427 2765 486 2818 <Sc
521 2769 653 2821 Fem.
727 2772 950 2821 Habitat
1017 2771 1290 2822 Calmariae
1354 2773 1420 2823 D.
1498 2776 1530 2824 ὲ
1575 2777 1759 2828 ane'.

115 2831 410 2898 Specimina
455 2839 595 2887 alata
654 2841 851 2890 ibidem
922 2841 1051 2905 legit
1114 2841 1178 2890 D.
1237 2843 1612 2896 ZBTTERsTEn'r.
1689 2846 1757 2894 In

115 2902 301 2953 Scania
339 2925 368 2955 a
414 2909 476 2956 D.
516 2909 570 2957 C.
612 2910 795 2959 somn.
836 2911 1081 2958 Riimncx
1121 2927 1335 2976 quoque
1382 2916 1609 2964 inventa.
1685 2924 1755 2954 --’-

119 2967 301 3023 Corizo
350 2974 663 3043 Hyoscyczmi
734 2980 821 3028 vix
874 2977 1117 3041 longior,
1179 2979 1267 3028 sed
1324 2982 1511 3047 paullo
1576 2983 1753 3038 latior.

113 3037 198 3088 Ab
233 3040 332 3094 hac
369 3048 572 3113 specie,
611 3042 671 3097 ὅτ
707 3061 740 3099 a
776 3046 968 3116 Lygoeo
1005 3047 1258 3116 equestri,
1317 3052 1514 3115 quibus
1552 3059 1754 3103 statura
