1881 3306
327 129 395 191 46

121 270 260 318 Gemi
299 269 399 318 Ios.
448 271 492 319 3.
535 270 649 333 276.
692 274 769 321 30.
806 266 1025 336 Lygoeus
1050 275 1258 339 apteras
1282 271 1442 323 Fabr.
1472 271 1595 324 Ent.
1617 275 1753 343 Syst.

118 360 167 420 4.
214 359 320 408 161.
361 377 443 427 90.
483 359 693 427 Rhyng.
741 377 854 426 227.
894 363 1004 413 116.
1044 360 1383 430 Pyrrhocoris
1402 361 1589 433 Suppl.
1621 367 1751 418 Cim.

118 451 206 500 Sv.
246 470 296 520 p.
330 451 378 499 6.

264 573 405 624 Mas
443 569 500 622 ὅ(
546 574 701 626 Fem.
777 576 995 628 Habitat
1045 580 1317 629 Calmariae
1367 580 1432 628 D.
1485 581 1515 629 a
1559 583 1753 633 Lmvwe‘.

117 644 414 712 Specirnina
449 642 591 690 alata
627 647 819 696 ibidem
861 647 984 711 legit
1024 649 1087 698 D.
1131 651 1503 698 Zmunsnmr.
1585 653 1754 700 Larva

117 715 181 762 ad
221 711 448 776 lapides,
487 711 792 763 obscuriora
843 733 1094 781 quaerens.
1162 719 1339 781 Imago
1375 720 1426 766 in
1472 718 1655 769 Malva
1681 748 1750 759 --

117 785 176 831 In
217 781 403 829 scania
443 798 472 828 a
513 780 825 832 D.Doctore
864 785 1124 834 C.Som‹n.
1155 786 1399 834 minnizei<
1438 803 1651 852 quoque
1670 790 1755 836 in-

113 857 286 898 venta.
326 849 532 914 Species
568 859 740 899 iamen
784 853 922 918 apud
961 871 1068 915 nos,
1101 855 1198 902 nisi
1236 854 1287 900 in
1329 855 1609 903 Provincia
1629 855 1754 903 Cal-

114 918 378 976 moriensi,
422 918 608 966 rarior.
640 918 908 970 —Corizo
945 919 1236 986 hyoscyami
1276 923 1357 970 vix
1396 922 1619 986 longior,
1665 925 1753 975 sed

114 984 298 1052 paullo
332 986 505 1035 latior.
580 987 667 1036 Al,
705 989 803 1037 hac
844 992 1014 1054 specie
1052 1001 1102 1038 et
1136 1008 1164 1037 a
1198 988 1330 1055 Lyg.
1363 992 1598 1058 equestri,
1627 994 1754 1058 qui-

111 1055 211 1106 bus
250 1062 452 1102 statura
495 1064 545 1104 et
593 1055 768 1104 colore
815 1065 891 1104 sat
930 1057 1113 1106 similis
1158 1067 1265 1118 est,
1319 1067 1500 1125 aperte
1539 1058 1753 1108 differt:

110 1123 193 1171 vel
237 1123 472 1171 absentia
513 1134 849 1173 stemmatum
888 1124 970 1172 vel
1023 1127 1313 1176 directione
1367 1143 1655 1177 nervorum
1697 1129 1752 1176 in

112 1191 418 1241 membrana
439 1189 859 1258 hemelytrorum
882 1193 1032 1258 longe
1070 1196 1291 1243 diversa.
1332 1196 1579 1245 Anteunoe
1599 1197 1751 1258 4-ar-

109 1260 375 1315 ticulum,
436 1260 624 1322 nigrae,
665 1260 899 1310 breviter
949 1262 1151 1327 pilosae:
1200 1265 1347 1329 apice
1399 1264 1751 1313 articulorum

113 1327 422 1391 rufescente..
486 1325 647 1396 Caput
688 1331 927 1393 nigrum:
967 1330 1074 1379 basi
1109 1333 1266 1381 rostri
1307 1333 1484 1379 rubra.
1530 1331 1744 1383 Thorax

111 1395 536 1462 subquadratus,
581 1399 778 1463 postice
820 1397 1003 1460 latior,
1042 1401 1503 1465 submarginatus,
1542 1402 1594 1449 in
1635 1418 1746 1448 me-

111 1469 197 1516 dio
248 1468 585 1514 transversim
641 1466 1006 1531 subsulcatus‚
1046 1469 1238 1518 ruber:
1293 1467 1499 1516 macula
1550 1486 1740 1534 magna

110 1535 414 1597 subgemina
462 1534 625 1599 nigra.
709 1532 984 1586 Scutellum
1042 1545 1213 1585 totum
1260 1538 1486 1602 nigrum.
1550 1538 1748 1604 Elytra

108 1605 291 1660 rubra,
331 1603 414 1649 vix
438 1602 1013 1669 impresso-punctam:
1048 1613 1198 1670 parte
1237 1606 1476 1654 interiori
1505 1608 1745 1671 punctis-

109 1690 215 1742 que
253 1669 477 1730 duobus‚
515 1689 744 1735 quorum
781 1675 1040 1737 posterius
1061 1675 1226 1740 majus
1253 1684 1304 1722 et
1332 1674 1637 1736 rotundum,
1658 1675 1744 1723 ni-

108 1744 231 1810 gris.
305 1736 611 1788 Membrana
660 1741 711 1786 in
753 1757 896 1788 mare
934 1759 1152 1808 magna,
1201 1744 1251 1790 iu
1295 1743 1485 1790 femina
1521 1743 1732 1804 brevis,

107 1810 295 1876 saepius
334 1805 497 1865 nulla,
537 1809 666 1869 (scil.
705 1811 756 1856 in
807 1811 1091 1860 individuis
1128 1810 1272 1860 haud
1317 1812 1416 1859 rite
1452 1810 1749 1877 explicatis)

103 1891 216 1931 tota
269 1877 416 1940 nigra
462 1877 838 1940 (immaculata)
894 1879 1082 1928 crebro
1134 1877 1453 1927 reticulatim
1493 1896 1750 1928 nervosa:

106 1944 297 1999 areolis
354 1942 556 1992 scilicet
601 1946 911 1995 reticulatis.
983 1948 1162 1999 Pectus
1201 1948 1455 1996 rubrum:
1519 1946 1741 1997 maculis

107 2016 362 2078 utrinque
405 2016 431 2062 3
474 2014 649 2079 nigris.
696 2013 959 2065 Abdomen
998 2016 1184 2064 subtus
1221 2026 1272 2064 et
1310 2033 1469 2082 supra
1504 2016 1741 2078 nigrum:

103 2083 338 2145 margine
376 2092 747 2150 segmentoque
783 2084 927 2147 juxta
962 2103 1121 2132 anum
1162 2086 1308 2151 apice
1348 2085 1539 2132 rubris·
1585 2082 1741 2134 Pedes

103 2152 272 2219 nigri:
310 2149 596 2198 femoribus
635 2153 822 2202 anticis
863 2154 911 2199 in
938 2163 1166 2220 utroque
1197 2170 1319 2201 sexu
1360 2153 1739 2210 subcrassiori-

103 2222 221 2282 bus,
262 2219 449 2267 subtus
473 2219 761 2286 (imprimis
786 2224 834 2268 in
875 2223 1128 2286 masculo)
1159 2221 1463 2271 brevissime
1496 2220 1742 2268 denticu-

103 2289 255 2349 latis;
293 2287 440 2336 tibiis
474 2306 687 2354 quoque
727 2289 913 2339 subtus
953 2290 1249 2357 spinulosis.
1307 2288 1431 2339 Μαε
1470 2297 1738 2349 segmento

103 2357 243 2407 anali
265 2365 468 2421 aperto,
506 2359 831 2422 genitalibus
853 2359 1053 2408 scilicet
1093 2359 1348 2406 retractis*
1371 2357 1636 2418 (similiter
1653 2366 1740 2405 at-

103 2444 206 2493 que
246 2429 296 2474 in
353 2423 549 2485 Cimice)
609 2426 703 2475 alis
755 2435 805 2474 et
859 2428 1165 2476 membrana
1210 2427 1500 2491 completis,
1558 2426 1736 2488 nigris.

102 2495 307 2547 Femina
350 2504 612 2557 segmento
649 2494 788 2543 anali
841 2499 893 2544 in
932 2496 1100 2544 medio
1137 2496 1268 2543 rima
1307 2495 1474 2544 diviso
1510 2493 1736 2561 gaudet,

103 2565 202 2612 alis
245 2571 296 2612 et
338 2561 641 2611 membrana
686 2566 784 2611 rite
822 2565 1094 2632 explicatis
1140 2567 1314 2612 rarius
1352 2567 1740 2621 occurreus3at

102 2633 336 2681 nondum
380 2633 479 2680 rite
519 2632 776 2697 explicata
835 2651 952 2682 cum
1015 2631 1246 2681 masculo
1285 2631 1586 2698 copulatur.
1660 2628 1739 2677 U-

101 2710 290 2766 terque
329 2701 492 2749 Sexus
533 2701 704 2749 alatus
749 2701 802 2751 in
841 2702 1163 2751 collectione
1200 2708 1380 2749 nostra
1413 2699 1577 2748 adest.

240 2836 383 2888 Not.
439 2837 785 2888 prolixiorem
826 2840 982 2901 huius
1027 2837 1206 2886 insecti
1261 2834 1535 2884 historiam
1591 2821 1754 2885 dedit*

99 2904 175 2955 Cl.
214 2906 273 2955 F.
312 2908 560 2957 stxuiv
600 2909 651 2955 in
692 2910 923 2958 micans
967 2907 1203 2970 Magazin
1239 2906 1287 2953 1:
1325 2922 1366 2953 1.
1397 2921 1516 2971 pag.
1549 2923 1661 2972 209.

227 3030 460 3083 Larvam
509 3032 665 3081 modo
717 3033 1035 3085 adultiorem
1087 3030 1484 3097 descripserunt
1533 3030 1734 3080 Aucto-
