1881 3306
1428 112 1506 216 433v>

69 294 298 358 (excluso
339 295 646 364 Synonymo
694 295 850 346 Fun.
904 291 1028 341 Ent.
1082 290 1219 360 Syst'.
1258 298 1310 340 et
1334 289 1542 358 Rhyng.
1589 305 1698 346 200.

69 365 191 426 449)
805 420 811 424 .

214 455 328 503 MAs
367 448 426 502 &
469 456 600 504 Fam.
643 453 862 502 Habitat
900 453 949 498 in
990 451 1197 516 pascuis
1234 458 1284 498 ct
1325 451 1491 517 pratis
1527 451 1704 514 siccis,

68 540 235 590 prope
275 521 682 583 Cimbrishamn,
725 520 961 587 Espero'd
1003 520 1239 584 alibique
1275 522 1324 568 in
1357 520 1542 567 Scania
1588 519 1705 567 vai-

66 591 130 638 de
169 592 752 657 frequens.0-Statu1·a
795 598 846 636 et
888 605 1085 636 summa
1132 590 1466 653 praecedentis
1512 588 1703 635 simili-

66 661 218 709 tudo,
295 657 396 708 Vix
454 664 664 725 quoque
704 659 919 717 differt,
976 658 1073 704 nisi
1120 673 1355 720 margine
1412 655 1704 704 abdominis

64 729 286 793 pallido,
328 729 510 791 nigro·
554 745 654 777 non
695 726 994 787 maculato,
1032 743 1096 772 an
1135 726 1370 791 semper?
1404 754 1470 764 --
1511 723 1705 791 Corpus

70 799 332 858 (viventis)
392 797 956 855 testaceo-virescenS‚
1026 796 1244 859 sparsim
1297 796 1706 859 nigro-puncta·

63 872 217 926 tum,
278 866 330 912 in
367 864 632 913 exsiccatis
697 862 778 911 vel
835 865 1136 923 mitescens,
1203 860 1284 909 vel
1323 861 1580 928 pallidum
1626 862 1708 910 vel

62 934 308 994 griseum.
383 930 633 982 Antennoe
683 931 888 1000 pilosae:
945 929 1173 978 articulo
1209 937 1382 996 primo
1426 931 1705 993 crassiori,

67 1000 319 1063 breviori,
360 1003 589 1050 secundo
625 1011 676 1050 et
705 1003 860 1049 tertio
885 997 1300 1064 subaequahbus,
1338 1006 1528 1064 quarto
1555 997 1706 1047 elon-

64 1071 378 1133 gato-ovaii‚
427 1069 794 1126 crassiusculQ
844 1073 893 1117 in
933 1069 1065 1116 vivis
1096 1070 1402 1115 rufescente.
1447 1066 1588 1117 Oculi
1622 1069 1705 1115 ni-

65 1138 164 1201 gri,
202 1138 354 1188 valde
390 1141 604 1202 exserti,
651 1149 712 1186 ut
757 1141 807 1188 in
848 1136 1237 1201 conspeciebus.
1284 1133 1446 1197 Caput
1470 1173 1483 1194 ,
1517 1131 1708 1187 thorax

66 1211 114 1254 et
140 1212 320 1272 pectus
362 1205 556 1270 pallide
595 1208 732 1270 rufa,
771 1221 956 1272 rngose
1003 1212 1272 1270 punctam,
1309 1203 1493 1269 pilosa.
1574 1204 1709 1256 Tho-

65 1289 171 1324 rax
208 1277 377 1324 antice
420 1277 598 1323 carina
637 1285 938 1324 transversa
977 1275 1026 1320 in
1078 1271 1320 1321 omnibus
1348 1308 1360 1330 ‚
1418 1281 1468 1318 et
1506 1273 1706 1324 lineola

65 1344 234 1391 media
288 1360 381 1409 per
425 1344 704 1393 scutellum
757 1345 913 1393 ducta
974 1341 1242 1408 pallidiori
1288 1343 1339 1388 in
1385 1341 1705 1407 quibusdam

65 1414 373 1460 instructus.
464 1411 737 1464 Scutellum
794 1414 941 1479 apice
991 1411 1348 1471 subacutum,
1416 1412 1708 1463 concolor?

63 1480 256 1547 Elytra
297 1482 348 1528 in
388 1480 503 1529 aliis
561 1482 899 1530 subcoriacea
931 1516 945 1541 ‚
1007 1481 1059 1526 in
1111 1477 1226 1525 aliis
1271 1478 1704 1546 membranacea,

67 1552 252 1614 grisea,
294 1550 344 1597 in
390 1549 707 1616 quibusdam
746 1566 924 1598 versus
962 1548 1160 1614 apicem
1208 1548 1542 1608 ferruginea:
1581 1567 1702 1598 ner-

66 1620 142 1665 vis
179 1618 380 1680 validis,
419 1618 740 1685 plerumque
794 1619 1266 1682 nigro-punctatis.
1309 1613 1612 1667 Membrana
1652 1629 1704 1668 et

63 1685 180 1737 Alae
213 1686 414 1735 albidae.
459 1686 719 1737 Abdomen
745 1702 903 1753 supra
944 1687 1184 1748 nigrum:
1223 1686 1455 1749 margine
1497 1685 1703 1736 elevato

67 1754 269 1821 pallido
298 1756 654 1805 immaculato.
735 1755 929 1821 Corpus
965 1753 1153 1801 subtus
1193 1754 1244 1800 in
1263 1751 1463 1820 semina
1500 1771 1704 1821 semper

68 1823 275 1888 viride,
340 1825 390 1871 iu
449 1839 590 1875 mare
645 1822 1024 1889 griseo-viride
1065 1838 1090 1867 e
1127 1821 1427 1884 ferrugineo
1466 1823 1703 1874 mixtum.

66 1889 344 1955 Spiracula
404 1895 612 1959 punctis
669 1893 884 1940 elevatis
936 1898 1209 1940 notantur.
1291 1888 1449 1941 Pedes
1504 1891 1703 1955 griseo-

64 1959 274 2023 virides,
313 1955 495 2028 pilosi,
534 1962 973 2027 nigro-punctati.

212 2096 359 2148 Not.
408 2099 611 2148 Invitus
652 2100 801 2164 quasi
842 2105 946 2144 tres
985 2096 1181 2163 species
1222 2095 1585 2145 antecedentes
1623 2097 1700 2145 di-

73 2167 258 2228 stinxi3
312 2169 549 2234 corporis
593 2168 729 2215 enim
773 2174 994 2222 statura,
1034 2164 1404 2214 articulatione
1443 2172 1701 2213 antenna-

69 2251 287 2293 narum,
334 2237 595 2303 pilositate
634 2244 684 2281 et
722 2233 998 2300 superficie
1035 2233 1312 2282 simillimae
1330 2241 1466 2281 sunt.
1506 2233 1699 2281 Diver-

73 2320 153 2350 sas
195 2311 369 2352 tamen
409 2321 517 2354 esse
552 2305 790 2370 Species,
837 2301 1053 2351 forsitan
1096 2300 1177 2349 vel
1221 2319 1280 2350 ex
1316 2318 1377 2348 eo
1414 2300 1699 2349 conclude-

16 2430 25 2441 χ
74 2389 130 2421 re
169 2370 353 2433 liceat,
396 2372 535 2438 quod
578 2376 712 2421 inter
749 2379 946 2433 tantam
987 2371 1270 2433 utriusque
1311 2386 1460 2417 sexus
1499 2370 1702 2436 copiam

69 2440 233 2489 nostri
278 2438 446 2492 Corizi
477 2440 740 2507 pratensis
790 2439 999 2489 nullum
1044 2437 1379 2487 individuum
1460 2435 1508 2488 C.
1551 2453 1703 2488 cras-

66 2508 283 2559 sicornis
331 2509 691 2574 magnitudine
728 2509 780 2555 in
835 2507 1021 2557 Scania
1073 2504 1180 2555 huc
1232 2523 1399 2571 usque
1449 2507 1702 2555 invenisse

69 2576 218 2624 nobis
251 2580 483 2642 contigit.
524 2578 715 2626 Rarius
767 2593 978 2642 quoque
1023 2575 1095 2626 ibi
1139 2576 1370 2625 occurrit
1416 2572 1464 2624 C.
1506 2575 1698 2639 capita-

13 2667 16 2669 ·
70 2645 490 2694 tus.·-—Nullum
511 2654 587 2694 est
606 2645 845 2705 dubium,
882 2648 1010 2711 quin
1041 2651 1228 2712 puncta
1265 2642 1438 2704 rubra,
1479 2644 1629 2691 etiam
1649 2643 1700 2691 in

67 2712 169 2761 alis
210 2711 259 2763 C.
298 2714 631 2766 crassicornis
681 2714 832 2763 Linn.
877 2716 972 2764 Fn.
1011 2716 1097 2764 Sv.
1140 2714 1203 2763 de
1244 2712 1426 2778 clytris
1462 2713 1568 2760 sint
1615 2712 1699 2758 in-

71 2779 374 2847 telligenda.
526 2796 529 2801 '

213 2905 341 2956 obs..
375 2908 628 2956 Antennae
669 2906 827 2973 hujus
863 2908 1050 2974 speciei
1080 2904 1495 2971 magnitudinem
1530 2906 1698 2973 majo-

76 2991 182 3023 rem
219 2992 325 3039 prae
367 2975 587 3040 reliquis
628 2976 845 3025 minime
881 2975 1159 3042 possident.
1199 2973 1355 3021 Haud
1392 2975 1554 3038 igitur
1597 2975 1699 3022 im·-

76 3045 263 3092 merito
298 3044 680 3108 existimamus,
718 3045 873 3094 aliam
909 3053 959 3091 et
1000 3061 1031 3092 a
1078 3052 1257 3093 nostra
1304 3042 1562 3092 diversam
1613 3043 1704 3089 su-
