1881 3306
1397 196 1490 246 ¹71

225 312 322 364 No
340 319 375 363 t.
411 313 558 379 Nepa
585 310 810 380 grandis
847 312 1000 362 Linn.
1039 331 1068 362 a
1104 316 1471 382 conspeciebus
1495 318 1698 385 aliquot

94 371 298 431 differt:
336 384 502 448 capite
540 381 768 429 thoracis
813 388 960 447 parte
995 385 1243 430 anteriori
1281 384 1419 432 haud
1461 390 1696 449 angusti-

90 466 216 510 ore,¹
253 451 415 497 oculis
465 451 646 498 obtuse
690 449 933 512 trigonis,
983 450 1107 508 (sere
1142 459 1200 496 ut
1248 453 1298 499 in
1356 453 1694 515 Notonectis),

90 516 391 564 membrana
432 517 724 582 elytrorum
767 519 986 565 striatim
1027 518 1429 568 multi-nervosa
1469 525 1587 581 (non
1612 540 1695 569 re·-

90 583 370 645 ticulatim)
406 586 547 633 tibiis
587 582 686 632 late
723 586 1065 648 compressis3
1103 589 1354 651 imprimis
1378 599 1549 637 aulem
1572 590 1694 637 tho-

88 668 208 699 race
240 655 407 701 antice
436 663 485 701 et
527 655 715 719 postice
757 649 900 699 haud
944 656 1292 716 emarginato‚
1344 664 1401 702 ut
1438 667 1491 704 et
1543 660 1694 706 tarsis

87 721 329 769 omnibus
382 719 746 770 biarticulatis.
820 720 899 768 Ad
964 720 1138 769 Genus
1189 720 1474 775 Belostoma
1536 726 1692 776 LATn.

91 787 381 840 referenda.

224 911 532 983 Dlfferentia
578 932 606 962 a
656 914 828 964 colore
883 912 1048 963 solum
1108 916 1339 965 desumta
1393 917 1457 965 ad
1501 918 1692 984 species

86 983 347 1051 Neparum
401 984 758 1032 discernendas
817 983 1083 1032 minimum
1126 982 1277 1031 valet.
1351 988 1532 1035 Potius
1572 984 1692 1032 tho..

85 1069 259 1101 racem
298 1053 444 1118 apice
485 1051 561 1097 vel
599 1061 914 1120 truncatum,
942 1051 1021 1098 vel
1060 1052 1218 1115 magis
1256 1055 1490 1102 minusve
1524 1070 1690 1101 emar-

84 1123 321 1186 ginatum
350 1157 363 1179 ,
400 1127 454 1166 ut
497 1115 551 1166 &
594 1119 745 1169 tibias
781 1119 862 1183 vel
900 1137 1214 1187 compressas
1260 1122 1338 1169 vel
1376 1129 1560 1169 teretes
1595 1121 1691 1169 ad-

83 1197 264 1236 curate
312 1187 588 1236 observare
627 1190 839 1250 juvabit.
915 1189 1191 1254 Propertio
1243 1197 1471 1238 setarum
1510 1197 1689 1238 notam

88 1271 230 1305 mere
272 1254 606 1304 vacillantem
652 1254 865 1305 forsitan
908 1255 1137 1325 praebat?
1172 1285 1239 1295 --

217 1392 365 1459 Nepa
404 1389 690 1442 Cimicoides
728 1394 873 1443 Lim«.
918 1396 1008 1443 Ρη.
1048 1413 1145 1466 907
1181 1394 1234 1443 in
1268 1395 1543 1446 Familiam
1560 1395 1688 1446 sub-

83 1471 380 1530 sequentem
421 1461 821 1509 introduximus.

221 1597 332 1647 Non
372 1604 449 1645 est
487 1596 831 1661 diffitendum,
866 1602 993 1665 quin
1034 1600 1086 1648 in
1129 1608 1275 1650 tanta
1310 1602 1530 1670 penuria
1569 1618 1689 1668 spe-

86 1667 300 1726 nicrum,
326 1674 378 1714 et
411 1664 562 1733 Nepae
600 1668 741 1715 Lmn.
776 1678 826 1717 et
863 1669 1166 1729 Notonectoe‚
1214 1670 1279 1718 ad
1320 1672 1524 1718 unicam
1573 1687 1688 1720 mo-

84 1737 153 1784 do
191 1733 462 1781 Familiam
507 1733 687 1782 referri
730 1738 942 1800 possint.
983 1738 1185 1786 Etenim
1222 1755 1322 1787 non
1378 1739 1562 1786 desunt
1590 1755 1686 1785 no-

4 1804 6 1807 ’
84 1811 150 1851 tae
172 1817 484 1853 communes.
560 1802 748 1849 Obstat
788 1811 959 1852 tamen
1000 1807 1052 1854 ni
1073 1805 1221 1854 valde
1258 1806 1492 1855 fallimur
1527 1807 1686 1856 nimia

81 1871 316 1937 corporis
351 1869 528 1921 formae
567 1869 948 1921 dissimilitudo.
