1881 3306
267 215 366 261 Nos
396 216 649 274 quoqne,
686 212 737 257 in
776 208 1064 276 systemate
1108 211 1511 258 mew‘rnomm
1548 208 1740 256 Sveciae

134 281 495 338 elaborando,
580 279 875 325 citissimam
930 280 1230 344 Specierutn
1293 278 1739 338 investigationem

135 357 453 417 quaerentes,
499 347 712 393 eandem
755 345 861 391 fere
901 356 950 392 et
987 347 1204 393 similem
1247 348 1405 392 secuti
1451 361 1625 390 suu'ius
1663 346 1739 390 di-

134 416 461 470 stributionis
524 417 691 474 viam,
747 414 798 458 in
844 412 1131 478 Specimine
1190 413 1384 462 Novam
1443 412 1741 475 Hemiptera

133 481 425 550 disponendi
480 479 757 530 methodum
800 481 1089 528 exhibente.
1131 482 1322 528 Lundae
1371 483 1430 528 A.
1477 479 1615 538 1314.
1659 482 1744 527 Sic

135 567 345 621 quoque
400 553 449 597 in
495 549 787 595 Generibus
841 548 1179 606 definiendis,
1242 548 1541 595 methodum
1597 566 1624 594 a
1663 547 1737 595 Cl.

126 624 417 670 ‘LATREILLE
474 615 538 676 (v'.
591 615 786 664 Genera
847 613 1223 665 Crustaceorum
1282 611 1337 662 <Sc
1395 614 1745 674 Insectorum‚

135 690 281 739 Paris
330 685 482 745 1807)
518 693 799 748 acceptam,
833 684 927 729 etsi
966 700 1023 728 ex
1057 687 1194 730 omni
1231 693 1377 749 parte
1405 701 1431 729 a
1468 683 1613 731 nobis
1642 701 1743 730 non

135 754 452 810 adhibitam,
501 752 754 815 aptiorem
792 767 896 797 esse
934 750 1223 810 credimus;
1261 752 1587 798 characteres
1639 767 1740 796 au-

131 835 236 872 tem
277 821 537 885 genericos
576 837 601 864 a
643 817 745 865 Cel.
784 819 1026 864 Fanniam
1079 821 1389 884 propositos,
1429 819 1495 864 ab
1537 819 1739 863 instru-··

135 886 563 940 mentiseibariis
596 885 949 946 extricandos,
996 889 1272 933 maximam
1307 886 1509 933 adferre
1537 893 1588 930 et
1628 902 1742 931 mo-

134 960 338 1007 lestiam
379 963 429 1002 et
454 955 724 1012 incertum,
758 954 904 1000 nobis
937 960 1012 1001 est
1040 956 1496 1018 pei-svasissimum.
1537 950 1745 1000 Etenim

135 1032 362 1082 constat,
402 1039 506 1087 quo
545 1022 743 1069 facitior
773 1029 847 1067 est
872 1031 922 1067 et
957 1021 1265 1068 adeun-atior
1319 1022 1579 1067 Generum
1615 1037 1744 1067 con-

135 1092 385 1150 structio,
424 1107 483 1136 eo
522 1092 753 1138 citiorem
812 1091 1098 1152 specierum
1141 1103 1246 1134 esse
1282 1088 1742 1150 investigationem.

134 1160 292 1208 Notas
333 1160 491 1219 igitur
520 1176 618 1206 non
655 1160 719 1205 ab
762 1160 910 1202 unica
940 1163 1142 1201 tantum
1178 1157 1409 1220 corporis
1451 1163 1618 1217 parte,
1657 1153 1745 1202 sed

137 1245 166 1274 a
204 1226 447 1294 pluribus
482 1225 632 1273 simul
676 1223 1010 1272 consideratis
1054 1239 1160 1270 esse
1189 1219 1545 1284 desumendas,
1579 1238 1750 1270 recen-

138 1297 322 1345 tissimi
363 1297 615 1342 Auctores
655 1295 769 1359 jure
809 1292 1098 1355 meritoque
1138 1290 1472 1340 contendunt.

281 1446 697 1508 Hanc-quoque
747 1441 1070 1489 characteres
1121 1440 1341 1504 eligendi
1394 1443 1529 1489 viam
1584 1442 1747 1490 secuti

137 1532 329 1568 sumus.
389 1513 595 1560 Etenim
653 1509 851 1564 nullam
891 1510 1122 1574 corporis
1167 1517 1371 1573 partem
1417 1510 1747 1575 perlustran-

137 1587 254 1633 dam
286 1582 584 1638 omisimus,
619 1579 688 1624 ita
727 1586 814 1637 ut,
853 1578 986 1624 facta
1020 1577 1270 1625 adcurata
1314 1586 1554 1624 notarum
1599 1594 1743 1624 com-

135 1651 425 1721 paratione,
467 1648 529 1694 ad
568 1646 767 1709 regulas
801 1648 958 1705 artis,
988 1653 1168 1710 aptum
1207 1645 1557 1693 characterem
1604 1662 1748 1692 com-

136 1734 329 1787 ponere
359 1723 409 1763 et
446 1714 668 1774 facilem,
698 1716 747 1760 in
791 1722 1046 1778 potestate
1083 1713 1258 1773 fuerit,
1298 1731 1389 1761 nec
1417 1730 1606 1777 genera
1649 1728 1746 1760 no-

139 1805 236 1846 va,
275 1785 368 1832 nisi
421 1784 698 1850 pauciora,
736 1784 785 1829 in
829 1781 1024 1828 Ordine
1075 1784 1424 1840 insectorum,
1466 1783 1655 1828 iterum
1697 1788 1749 1826 et

139 1855 322 1920 saepius
362 1853 645 1913 castigato,
688 1849 950 1896 veteribus
991 1848 1179 1896 addere
1215 1851 1375 1897 coacti
1416 1850 1629 1898 fuimus.
1673 1849 1750 1896 E·

139 1923 301 1970 tenim
350 1921 550 1966 Genera
609 1925 659 1965 et
708 1919 856 1964 nimis
904 1915 1067 1963 multa
1118 1928 1168 1964 et
1208 1918 1357 1964 nimis
1399 1933 1566 1983 pauca
1610 1919 1749 1980 fugi-

140 1990 272 2038 enda
312 1995 446 2036 sunt.
522 1985 621 2034 Illa
659 1987 897 2033 oriantur
927 2001 1130 2031 necesse
1166 1995 1272 2043 est,
1318 1987 1406 2034 ubi
1440 1986 1490 2031 in
1529 1984 1750 2031 Familia

147 2058 445 2124 specierum
499 2053 784 2110 ditissima,
833 2055 1161 2100 characteres
1217 2054 1281 2100 ab
1335 2054 1488 2100 unica
1546 2061 1751 2099 tantum

140 2125 373 2190 corporis
409 2130 556 2187 parte
598 2131 970 2186 quaererentur.
1045 2119 1165 2170 Hoec
1196 2125 1322 2170 tunc'
1355 2122 1595 2168 exsistere
1631 2117 1750 2184 pos-

141 2201 279 2249 sunt,
319 2192 409 2239 ubi
458 2192 508 2237 in
551 2206 737 2254 magna
783 2190 1079 2253 Specierurn
1122 2195 1268 2255 eopia
1310 2187 1556 2255 ejusmodi
1585 2189 1751 2249 eligi-

141 2272 232 2310 tur
266 2259 569 2318 character,
636 2261 725 2323 qui
773 2258 966 2317 efficit,
1021 2266 1076 2303 ut
1115 2259 1191 2306 hae
1230 2261 1420 2323 species
1467 2256 1750 2320 multiplici

141 2329 295 2376 modo
340 2328 530 2374 iterum
575 2329 869 2391 iterumque
912 2325 963 2372 in
1011 2329 1260 2373 sectiones
1316 2324 1474 2374 dividi
1523 2324 1748 2388 possint,

141 2397 280 2444 unde
317 2398 520 2442 oriatur
553 2394 785 2442 confusio
826 2409 1024 2440 necesse
1049 2404 1139 2442 est,
1177 2395 1415 2441 Ceterum
1439 2392 1501 2439 ad
1544 2393 1749 2438 firman-

144 2465 207 2511 da
251 2470 300 2509 et
342 2462 697 2510 constituenda
758 2463 989 2519 Genera,
1045 2462 1486 2528 metamorphosin
1527 2462 1752 2512 vietum-

145 2549 245 2596 que
279 2531 597 2578 Insectorum
634 2529 902 2579 consulere
940 2532 1148 2577 maximi
1178 2533 1404 2580 interest.
1468 2539 1471 2548 ‘
