1881 3306
1418 188 1511 239 ¹27

101 317 307 381 aptera,
338 308 496 361 aliam
526 310 758 378 possidet
790 308 1027 377 corporis
1053 308 1519 371 stnt111·am,'larvae
1556 330 1592 361 s,
1629 330 1730 379 pu..

99 399 179 448 pae
215 379 467 442 similem,
508 381 787 430 abdomine
842 381 1038 429 scilicet
1078 381 1319 430 breviore
1373 378 1423 425 et
1468 377 1732 448 latex-iovi,

101 450 394 516 elytrisque
432 451 693 498 coriaceis.
731 450 786 496 ln
827 449 988 496 humo
1016 450 1079 497 ad
1109 448 1303 495 radices
1340 445 1591 496 arborum
1617 467 1733 499 am..

102 517 310 577 bulans,
350 534 468 566 cum
510 535 652 566 mare
679 517 962 583 descripto,
999 518 1276 583 saepissime
1320 517 1369 562 in
1411 517 1598 578 copula
1636 522 1731 568 de..

103 584 471 650 prehenditur.
510 585 717 634 Alatam
755 602 910 648 vero,
948 587 1000 633 in
1041 583 1253 632 vasculo
1290 586 1459 631 vitreo
1498 603 1524 630 e
1554 587 1729 652 pluri-

100 652 201 701 bus
244 654 522 718 immissis,
568 662 619 701 et
657 654 750 701 diu
789 655 840 701 in
881 653 1115 719 gramine
1153 651 1469 713 adservatis,
1523 655 1729 706 nullam

101 721 281 770 videre
325 720 471 771 nobis
504 723 737 784 contigit.
810 723 1027 770 Femina
1064 720 1204 777 haee,
1243 719 1430 766 habitu
1472 720 1539 769 ad
1574 722 1731 772 femi-

103 805 224 838 nam
268 788 418 857 Capsi
474 788 728 841 mutabilis
781 791 1015 839 nondum
1069 787 1380 855 explicatam
1438 797 1516 837 sat
1565 803 1732 860 prope

101 859 318 918 accedit,
360 867 414 908 at
456 858 575 926 plus
617 857 780 926 triplo
820 861 1006 907 minor.

239 993 484 1047 Varietas
518 998 561 1065 ῥ’
596 1013 770 1046 mense
805 995 949 1044 Julio
980 1013 1098 1045 cum
1138 993 1392 1042 varietate
1434 1015 1475 1046 οσ-
1509 995 1732 1047 cohabi-

99 1072 194 1116 tat.
247 1063 542 1130 Specimina
580 1073 754 1114 autem
795 1081 968 1113 mense
1026 1066 1267 1126 Augusto
1320 1070 1372 1110 et
1429 1065 1729 1130 Septembri

100 1139 284 1199 capta,
319 1141 501 1199 aptera
541 1150 753 1199 quoque
789 1134 1038 1188 fuerunt.·
1100 1133 1304 1182 Marem
1356 1130 1513 1199 hujus
1552 1135 1730 1185 varie..

98 1204 258 1261 tatis,
288 1219 317 1250 a
354 1218 496 1249 mare
535 1203 634 1268 jam
679 1204 944 1265 descripto
984 1203 1278 1260 diversum,
1329 1212 1596 1266 nunquam
1639 1205 1725 1251 in·-

96 1270 356 1330 venimus;
392 1271 612 1336 ideoque
647 1272 798 1319 hasce
837 1272 1118 1320 varietates
1160 1270 1224 1318 ad
1263 1284 1420 1315 unam
1470 1271 1721 1319 eandem-

101 1357 203 1404 que
255 1340 476 1404 speciem
534 1343 828 1404 pertinere,
877 1336 1024 1388 haud
1079 1337 1234 1386 aliter
1272 1345 1433 1402 atque
1469 1340 1520 1386 in
1562 1337 1723 1403 Capsa

99 1415 234 1468 atro,
272 1407 443 1471 capite
476 1415 570 1454 aut
609 1408 760 1473 nigro
792 1415 886 1457 aut
916 1407 1036 1456 rufo
1071 1407 1335 1455 instructo
1357 1440 1373 1468 ,
1443 1406 1730 1455 verisimil-

101 1473 290 1523 limum
327 1481 418 1522 est.

247 1597 296 1650 C.
333 1597 560 1650 Pteridis
602 1600 743 1651 Mon.
779 1601 909 1651 Cim.
961 1600 1107 1650 Svec.
1153 1600 1260 1650 105.
1286 1592 1384 1651 ⁷20.
1424 1599 1491 1651 ad
1533 1617 1730 1652 novum

102 1670 308 1730 Genus,
347 1669 484 1718 infra
518 1669 861 1736 descriptum,
899 1670 1176 1719 transferri
1214 1669 1386 1720 debet.

750 1814 885 1823 ——n—

100 1905 269 1964 Mnus
318 1904 591 1963 Antennoe
635 1915 897 1973 setaceae,
942 1926 1193 1986 corpore
1238 1908 1340 1966 vix
1380 1906 1723 1968 breviores:

268 1989 520 2048 articulo
563 1990 759 2068 primo
802 1987 1057 2068 oblongo
1082 2012 1292 2049 crasso·
1318 1991 1532 2069 Corpus
1559 1992 1725 2051 elon-

268 2072 791 2152 gato-oblongum:
853 2071 1021 2131 tibiis
1080 2074 1292 2155 pilosis
1349 2097 1473 2135 non
1517 2077 1728 2156 spinu-

265 2157 429 2215 losiS.

243 2305 448 2373 Species
481 2305 636 2372 hujus
677 2308 909 2369 Generis,
952 2315 1217 2360 structura
1257 2319 1308 2360 et
1349 2310 1537 2359 habitu
1579 2312 1727 2361 simi-

103 2378 208 2434 le5‚
262 2389 294 2424 a
335 2374 693 2441 Phytocoribus
737 2384 787 2424 et
825 2393 853 2422 a
905 2378 1122 2444 reliquis
1177 2379 1458 2428 recedunt:
1492 2384 1730 2434 antennls

105 2444 340 2509 'corporis
381 2443 487 2491 fere
527 2442 879 2507 longitudine,
910 2448 1137 2494 articulo
1174 2451 1345 2515 primo
1385 2448 1573 2513 valido,
1591 2467 1726 2500 cras-

104 2531 180 2569 so,
215 2515 383 2574 tereti,
424 2511 670 2575 tibiisque
710 2515 905 2579 pilosis,
938 2513 1079 2563 haud
1106 2517 1343 2582 spinosis,
1375 2518 1528 2566 dente
1555 2520 1725 2566 inter-

92 2580 229 2644 *dum
270 2582 498 2631 armatis.
534 2607 598 2618 -
644 2581 892 2632 Antennoe
936 2582 1322 2647 4-a1=ticulatae‚
1355 2594 1503 2634 extus
1548 2588 1725 2634 tenui-

106 2665 236 2696 ores.
313 2647 517 2699 Thorax
553 2648 824 2714 elongatus
861 2651 1131 2717 magisque
1180 2669 1506 2720 compressus
1547 2671 1582 2700 s.
1625 2671 1725 2702 an·

106 2717 307 2778 gustior
340 2733 495 2782 quam
532 2719 582 2765 in
628 2716 1003 2784 PhytocoribuS.
1038 2720 1298 2772 Abdomen
1334 2723 1502 2785 capite
1539 2719 1726 2769 thora-

106 2798 271 2846 ceque
310 2784 472 2850 duplo
511 2786 618 2834 fere
656 2788 892 2851 longius,
928 2787 1339 2839 molliusculum.
1381 2789 1535 2840 Pedes
1576 2790 1724 2837 elon-

107 2852 248 2914 gati,
306 2853 580 2918 simplices.
654 2855 956 2905 Membrana
1012 2856 1430 2922 hemelytrorum
1483 2856 1727 2906 similiter

104 2933 351 2981 nervosa,
392 2929 550 2986 atque
587 2923 638 2969 in
677 2921 951 2988 Phytocore
984 2933 1036 2972 et
1073 2928 1126 2974 in
1171 2923 1346 2993 Capsa.

235 3052 544 3123 Differentia
575 3074 759 3128 sexuS,
800 3060 1046 3114 facillime
1068 3061 1350 3129 detegitur,
1385 3064 1438 3113 in
1475 3061 1618 3114 Mire
1653 3061 1724 3111 si-
