1881 3306
280 292 494 341 Cicadas
547 292 624 339 ΒΕ
662 291 846 341 (31².an
900 295 1134 346 Sveciam
1185 294 1424 360 inprimis
1474 296 1756 345 incolentes

192 383 227 424 ζ»
258 364 428 410 ribere
468 360 520 409 in
559 367 793 408 animum
833 364 934 427 jum
967 365 1286 414 induximus.
1361 364 1530 426 Hujus
1583 374 1758 412 autem

242 427 537 493 exemplum
577 429 628 475 in
669 432 811 477 Actis
852 429 974 494 Reg.
1013 432 1171 480 Acad.
1207 432 1397 480 Scient.
1441 431 1609 479 Holm.
1660 451 1759 480 an-

210 494 226 563 Ἰ
260 495 487 547 ι805--6
525 504 681 546 antea
723 496 992 554 dedimus,
1027 498 1276 548 methodo
1307 500 1634 547 Fabricianae
1661 499 1760 549 hoc

222 583 367 631 pore
438 567 592 614 nimis
662 566 872 614 addicti.
970 568 1158 617 Postea
1212 584 1427 633 quoque
1489 567 1762 632 Specimen

239 652 320 681 am
362 633 666 700 Hemiptera
704 635 1010 701 disponendi
1061 634 1371 684 methodum
1408 635 1657 684 exhibens
1694 639 1758 686 A.

300 702 593 763 edidimus,
633 702 1027 768 dispositionem
1060 703 1493 766 dichotomicam‚
1549 707 1630 753 uti
1673 704 1761 753 hi-

78 815 85 830 ,
121 818 152 823 ..
249 773 301 818 in
343 769 498 818 rebus
539 769 866 833 faciliorem,
921 781 1173 837 notasque
1221 774 1485 838 genericas
1533 790 1564 821 a
1601 774 1760 823 variis

96 875 101 884 ,
154 835 156 837 ’
223 841 369 908 pori·
406 840 650 905 partibus
687 838 951 889 desumtas
978 841 1232 908 eligimus.

231 703 265 762 -ἷλ

113 1024 119 1032 0
214 975 217 977 ’
266 966 395 1029 Quae
441 967 491 1012 in
540 964 751 1013 Entom.
799 974 934 1031 syst.
965 961 1023 1015 &
1058 970 1113 1017 in
1151 966 1287 1032 Syst.
1333 964 1543 1034 Rhyng.
1587 968 1769 1032 Fun„

76 1065 80 1072 -
178 1035 408 1084 Genus
450 1031 686 1085 Cicadam
723 1035 802 1082 DE
841 1035 1022 1085 Gssssnn
1061 1038 1264 1098 relatae,
1317 1039 1512 1101 species
1566 1037 1764 1086 descri-

288 1097 345 1151 ἇῑ
386 1104 655 1152 recensitae
705 1112 856 1164 sunt,
915 1121 1196 1155 numerum
1244 1105 1344 1166 450
1403 1105 1691 1168 excedunt,
1735 1123 1763 1157 e

154 1178 157 1180 ’
229 1174 325 1224 bus
363 1181 536 1220 tamen
578 1171 756 1237 plures
806 1189 915 1222 esse
968 1174 1196 1223 aliarum
1234 1172 1524 1238 specierum
1583 1180 1762 1222 varie-

130 1252 264 1292 tates
302 1243 416 1305 iure
458 1243 753 1306 meritoque
803 1242 1177 1291 existimamus.
1250 1242 1497 1305 Magnam
1549 1259 1760 1310 quoque

131 1314 184 1360 in
225 1312 353 1359 orbe
392 1318 678 1375 terraqueo
713 1310 934 1358 existere
972 1313 1264 1378 specierum
1308 1310 1547 1375 copiam,
1583 1312 1666 1360 vel
1701 1329 1762 1361 ex

130 1399 192 1431 eo
230 1378 463 1442 intellegi
502 1385 708 1443 potest,
751 1378 894 1443 quod
927 1379 1206 1429 Cicadibus
1249 1377 1353 1427 illis
1400 1378 1458 1426 18
1491 1382 1758 1445 genuiniS,

131 1454 185 1500 in
220 1449 405 1497 Fauna
441 1445 584 1493 Svec.
621 1447 770 1493 Linn.
812 1462 856 1493 a.
904 1446 1024 1512 1761
1066 1447 1510 1509 commemoratis,
1556 1465 1617 1496 ex
1657 1448 1763 1498 col-

133 1513 447 1567 lectionibus
514 1515 702 1561 nostris
755 1517 857 1579 jam
905 1515 1105 1563 dudum
1157 1516 1279 1563 addi
1317 1524 1536 1580 possunt
1569 1519 1763 1582 species

134 1605 198 1652 70
264 1579 320 1632 δε
389 1582 557 1642 ultra,
622 1589 853 1648 utroque
903 1600 1027 1632 sexu
1080 1584 1364 1633 distinctae.
1429 1583 1765 1634 Animalcula

133 1664 311 1704 autem
352 1651 462 1699 haec
503 1649 690 1714 saepius
725 1661 846 1699 sunt
886 1653 1118 1715 minuta,
1155 1645 1212 1699 &
1250 1654 1302 1700 in
1340 1648 1456 1712 his,
1495 1669 1608 1717 quae
1645 1653 1787 1708 lon···⁴

56 1735 62 1739 ’
136 1721 427 1787 gitudinem
483 1724 554 1785 μὲ
591 1717 681 1766 lin.
734 1735 837 1765 non
877 1719 1030 1766 valde
1068 1726 1351 1783 superant,
1403 1735 1497 1766 nec
1534 1724 1640 1768 sine
1687 1724 1771 1769 in-

136 1791 343 1839 dustria
383 1780 440 1832 &
479 1795 593 1832 arte
631 1785 970 1850 colliguntur.
1045 1786 1174 1847 Quae
1207 1803 1332 1834 vero
1381 1803 1408 1832 e
1449 1789 1603 1835 terris
1651 1787 1769 1837 lon-

135 1860 348 1925 ginquis
387 1857 438 1902 in
478 1854 750 1920 Europam
789 1856 942 1902 missa
978 1863 1128 1915 sunt,
1168 1856 1220 1902 in
1259 1856 1457 1920 majora
1475 1855 1633 1921 hujus
1660 1855 1769 1905 for-¹

134 1944 231 1976 mae
272 1939 495 1990 corpora
555 1924 832 1989 saepissime
882 1939 990 1970 esse
1044 1923 1406 1985 numeranda,
1442 1923 1768 1973 verisimilli-

134 2012 284 2044 mum
337 2001 601 2059 putamus.
676 1991 892 2054 Quanta
951 1992 1116 2056 igitur
1177 1999 1417 2059 superest
1473 1994 1769 2059 specierum

139 2061 431 2113 multitudo
470 2062 521 2108 in
561 2067 832 2128 posterum
867 2059 1176 2126 detegenda!

120 2242 122 2245 ,
276 2185 708 2254 Metamorphosis
748 2181 803 2235 δε
847 2188 954 2236 vita
991 2186 1302 2236 cicadarum·
1341 2195 1502 2252 atque
1537 2188 1591 2236 in
1628 2193 1772 2236 cete-

141 2266 212 2314 ris
256 2258 575 2324 Hemipteris
605 2257 714 2305 fere
753 2256 949 2304 eadem.
1022 2253 1211 2307 Larvoe
1260 2258 1396 2303 enim
1452 2255 1764 2322 hexapodae,

139 2328 354 2395 imagini
397 2325 723 2388 subsimiles‚
770 2324 1033 2374 interdum
1078 2323 1298 2390 pulchre
1333 2326 1516 2391 pictae,
1554 2326 1607 2372 in
1645 2340 1770 2389 gra-

140 2400 280 2448 mine
321 2391 377 2442 ὄῑ
429 2397 481 2444 in
527 2393 840 2455 fruticibus,
906 2411 1050 2443 more
1099 2394 1414 2458 imaginum,
1478 2393 1758 2456 salientes,

143 2468 452 2516 alimentum
487 2481 514 2511 e
548 2458 699 2511 succo
736 2462 1127 2527 Vegetabilium
1163 2470 1333 2510 rostro
1362 2463 1596 2511 suctorio
1632 2459 1772 2508 hau-

143 2539 305 2585 riunt.
382 2533 610 2581 Tunicas
664 2534 902 2598 corporis
960 2529 1240 2596 aliquoties
1304 2540 1646 2580 commutant.
1718 2528 1774 2576 1--

144 2618 298 2664 mago
336 2609 514 2649 autem
551 2601 839 2668 completa,
885 2616 1056 2666 nuper
1085 2598 1324 2658 exclusa,
1362 2598 1536 2647 mollis
1589 2605 1665 2647 est
1712 2590 1773 2644 &
1808 2658 1812 2659 ⁷
1868 2625 1874 2630 »

142 2687 336 2740 parum
373 2667 605 2718 colorata
628 2705 641 2729 ,
695 2667 981 2736 pallescens
1016 2666 1099 2715 vel
1139 2668 1411 2719 virescens.
1487 2667 1640 2715 Brevi
1677 2681 1773 2714 au-

143 2751 253 2788 tem
292 2737 595 2786 firmitatem
646 2745 981 2804 coloremque
1032 2735 1390 2784 obscuriorem
1434 2737 1668 2785 assumin
1703 2761 1774 2774 --

144 2810 343 2857 Lai-vas
391 2807 624 2854 omnium
661 2804 930 2872 Cercopum
969 2803 1149 2853 eodem
1187 2805 1342 2852 modo
1376 2814 1534 2871 atque
1572 2802 1772 2851 larvam

146 2878 292 2926 Cerc.
329 2876 636 2941 spumariae‚
675 2876 824 2941 cujus
860 2875 1174 2924 mentionem
1226 2872 1354 2920 facit
1392 2872 1470 2925 ill.
1506 2874 1584 2921 Da
1631 2872 1773 2919 Gna

150 2947 202 2992 in
251 2942 396 2993 Mem.
434 2941 522 2992 des
558 2941 780 2996 Insectes
814 2944 877 2994 Τ.
912 2943 1020 3004 111,
1091 2942 1146 2991 in
1191 2957 1406 3007 spuma,
1444 2940 1636 3009 plantis
1674 2938 1772 3004 ad-

150 3012 278 3073 fixaj
317 3014 476 3061 vitam
502 3012 718 3081 degere,
748 3009 1027 3062 verisimile
1055 3018 1148 3063 est.
1185 3010 1256 3079 At
1287 3009 1444 3062 larvae
1468 3007 1771 3061 Cicadarum
